Stock,Date,Sector,40 Percent Rule,Net Income Growth,ROE,ROA,Positive Cash Flow,Cash Flow Margin,PER,Capital ratio,PBR,ROE_increase,Asset,Oper_over_Invest,Net Income Sign,Total Revenue,profit loss
1301.T,2023-03-31,Consumer Defensive,False,True,True,False,False,False,True,True,True,True,True,False,True,False,True
1332.T,2023-03-31,Consumer Defensive,False,False,False,False,True,False,True,True,True,True,False,True,True,False,True
1333.T,2023-03-31,Consumer Defensive,False,False,False,False,False,False,True,True,True,False,True,True,True,False,False
1375.T,2023-03-31,Consumer Defensive,False,False,True,False,True,False,False,True,False,False,False,True,True,False,False
1376.T,2023-05-31,Basic Materials,False,False,False,False,False,False,True,True,True,True,False,False,True,False,False
1377.T,2023-05-31,Consumer Defensive,False,False,False,True,True,False,False,True,False,False,False,True,True,True,True
1379.T,2023-03-31,Consumer Defensive,False,False,False,False,True,False,True,True,False,False,True,True,False,False,True
1380.T,2023-03-31,Consumer Defensive,False,False,False,False,True,False,False,True,False,False,False,True,True,True,True
1381.T,2023-06-30,Consumer Defensive,False,False,False,True,True,False,True,True,True,False,False,True,True,True,False
1382.T,2023-06-30,Consumer Defensive,False,False,True,True,True,False,True,True,False,False,True,True,True,False,True
1384.T,2023-03-31,Consumer Defensive,False,False,False,False,True,False,True,True,True,False,True,True,True,False,True
1400.T,2022-12-31,Real Estate,False,False,False,False,False,False,True,True,True,True,False,False,False,False,True
1401.T,2023-05-31,Industrials,False,False,True,True,True,False,True,True,False,False,False,True,True,False,True
1407.T,2023-08-31,Utilities,False,False,True,False,True,False,False,False,False,True,True,True,True,False,False
1414.T,2023-06-30,Industrials,False,True,True,True,True,False,False,True,False,True,False,True,True,True,True
1417.T,2023-03-31,Industrials,False,False,False,False,True,False,True,True,True,False,False,True,True,True,True
1418.T,2023-02-28,Industrials,True,False,False,False,True,False,False,True,False,True,False,True,True,False,True
1419.T,2023-05-31,Consumer Cyclical,False,True,True,True,True,False,True,True,False,False,True,True,True,True,False
1420.T,2023-03-31,Consumer Cyclical,False,False,False,False,True,False,True,False,True,False,True,True,False,False,False
1429.T,2022-12-31,Basic Materials,True,False,True,True,False,False,False,True,False,True,True,False,True,True,False
1430.T,2023-05-31,Consumer Cyclical,False,True,True,True,False,False,True,True,False,False,True,False,True,False,False
1431.T,2023-06-30,Real Estate,False,False,False,False,False,False,False,True,False,False,False,False,True,True,True
1433.T,2023-01-31,Industrials,False,False,False,False,False,False,True,True,False,False,False,True,False,False,True
1434.T,2023-08-31,Industrials,True,True,True,True,False,False,False,True,True,True,True,False,True,True,True
1435.T,2022-12-31,Real Estate,True,True,False,True,True,False,False,True,False,True,False,True,False,False,True
1436.T,2023-04-30,Industrials,False,True,False,False,True,False,True,True,True,True,False,True,True,True,True
1439.T,2022-12-31,Industrials,True,False,False,False,False,False,True,True,False,True,False,False,False,True,False
1443.T,2023-03-31,Industrials,False,False,False,False,True,True,True,True,True,False,False,True,True,False,False
1444.T,2023-07-31,Consumer Cyclical,False,False,False,False,True,False,False,True,False,False,True,True,True,True,True
1447.T,2023-03-31,Technology,False,False,False,False,True,False,False,False,False,True,False,True,False,True,False
1450.T,2023-03-31,Industrials,False,False,True,True,False,False,True,True,False,False,False,False,True,True,False
1451.T,2023-03-31,Real Estate,False,False,False,False,False,False,True,True,True,True,True,False,True,False,True
1491.T,2023-03-31,Basic Materials,False,False,False,False,False,False,False,True,False,False,False,False,False,True,False
1514.T,2023-03-31,Energy,True,False,True,True,True,False,True,True,True,True,True,True,False,False,True
1515.T,2023-03-31,Basic Materials,False,False,False,False,True,False,True,True,True,False,True,True,True,True,True
1518.T,2023-03-31,Energy,True,False,True,True,True,True,True,True,True,True,True,True,False,False,False
1662.T,2023-03-31,Energy,False,False,True,True,True,True,True,True,True,True,True,True,False,False,True
1663.T,2022-12-31,Utilities,True,True,False,False,True,False,True,True,True,True,True,True,True,False,True
1711.T,2023-03-31,Utilities,True,True,False,False,False,False,True,False,False,True,False,False,False,False,False
1712.T,2023-02-28,Industrials,False,False,False,False,True,False,False,True,True,False,True,True,True,False,True
1716.T,2023-06-30,Industrials,False,False,True,True,True,False,True,True,True,True,True,True,True,True,False
1717.T,2023-03-31,Industrials,False,False,True,True,True,False,True,True,False,False,False,True,True,False,False
1718.T,2022-12-31,Industrials,False,False,False,False,True,False,True,True,True,False,False,True,True,False,True
1719.T,2023-03-31,Industrials,False,False,True,False,True,False,True,True,False,False,True,True,True,False,True
1720.T,2023-03-31,Industrials,False,False,False,False,True,False,True,True,True,True,True,True,False,False,True
1721.T,2023-03-31,Industrials,False,False,False,False,True,False,False,True,False,False,True,True,True,False,True
1723.T,2023-03-31,Technology,False,False,True,True,True,False,True,True,True,False,True,True,True,False,True
1724.T,2022-12-31,Technology,False,False,False,False,False,False,True,True,True,False,False,False,True,False,False
1726.T,2023-03-31,Industrials,False,False,False,False,False,False,False,True,False,False,True,False,True,False,False
1730.T,2023-03-31,Industrials,False,False,False,False,True,False,True,True,True,True,True,True,False,False,True
1736.T,2023-03-31,Industrials,False,False,False,False,True,False,True,True,True,False,False,True,True,False,True
1739.T,2023-06-30,Consumer Cyclical,False,False,True,False,True,False,True,False,True,False,True,True,True,True,False
1757.T,2023-03-31,Real Estate,False,False,True,True,True,False,False,True,False,True,False,True,False,False,True
1758.T,2023-01-31,Industrials,True,False,False,True,True,False,True,True,True,True,True,True,True,False,True
1762.T,2023-03-31,Industrials,False,False,False,False,False,False,True,True,True,True,False,False,True,False,True
1764.T,2023-06-30,Industrials,False,False,False,False,True,False,False,True,True,True,True,True,True,False,True
1766.T,2023-04-30,Real Estate,False,False,False,False,True,False,False,True,True,False,True,True,True,False,True
1768.T,2023-03-31,Industrials,False,False,False,True,True,True,True,True,True,False,True,True,True,True,False
1770.T,2023-03-31,Industrials,False,False,False,False,True,False,True,True,True,False,True,True,True,False,True
1773.T,2023-06-30,Utilities,True,False,False,False,True,False,False,False,False,True,True,True,False,False,True
1775.T,2023-03-31,Industrials,False,False,True,True,True,False,True,True,True,False,True,True,True,False,True
1776.T,2023-03-31,Industrials,False,False,False,False,True,False,True,True,True,False,True,True,True,False,True
1780.T,2023-03-31,Industrials,False,False,False,False,True,True,False,True,False,False,True,True,True,True,True
1786.T,2023-03-31,Industrials,False,True,False,True,True,False,True,True,True,False,True,True,True,True,False
1787.T,2023-03-31,Industrials,False,False,True,True,True,False,True,True,False,True,True,True,True,False,True
1788.T,2023-06-30,Industrials,False,True,False,False,False,False,True,True,True,True,False,False,True,False,False
1793.T,2023-03-31,Industrials,False,False,False,False,False,False,False,True,True,False,False,False,True,False,True
1798.T,2023-03-31,Industrials,False,False,False,False,True,False,True,True,True,False,True,True,True,False,True
1799.T,2023-03-31,Industrials,False,False,False,False,False,False,True,True,True,True,False,True,True,False,True
1801.T,2023-03-31,Industrials,False,False,False,False,True,False,False,True,False,False,False,True,True,False,True
1802.T,2023-03-31,Industrials,True,False,False,False,True,False,True,True,True,True,True,True,True,False,True
1803.T,2023-03-31,Industrials,False,False,False,False,True,False,True,True,True,False,True,True,True,False,True
1805.T,2023-03-31,Industrials,False,False,False,False,True,False,True,True,True,False,True,True,True,False,True
1807.T,2023-03-31,Industrials,False,False,False,False,True,False,False,True,True,False,False,True,True,False,False
1808.T,2023-03-31,Consumer Cyclical,False,False,True,False,False,False,True,True,False,True,False,True,True,False,True
1810.T,2023-03-31,Industrials,False,False,False,False,True,False,True,True,True,False,True,True,True,False,True
1811.T,2023-03-31,Industrials,False,False,False,False,False,False,True,True,True,True,False,True,True,False,True
1812.T,2023-03-31,Industrials,False,False,True,False,False,False,True,True,True,False,True,True,True,False,True
1813.T,2023-03-31,Industrials,False,False,False,False,True,False,True,True,True,True,True,True,True,False,True
1814.T,2023-03-31,Real Estate,False,False,False,False,True,False,True,True,True,False,True,True,True,False,True
1815.T,2023-03-31,Industrials,False,False,False,False,False,False,True,True,True,False,False,True,True,False,False
1820.T,2023-03-31,Industrials,False,False,False,False,True,False,True,True,False,False,True,True,True,False,True
1821.T,2023-03-31,Industrials,True,False,False,False,False,False,True,False,True,False,False,False,False,False,True
1822.T,2023-03-31,Industrials,False,False,False,False,True,False,False,True,True,False,True,True,True,False,False
1826.T,2023-03-31,Industrials,True,False,False,False,True,False,True,True,True,True,True,True,True,False,False
1827.T,2023-03-31,Industrials,False,False,False,False,True,False,True,True,True,True,True,True,False,False,False
1828.T,2023-03-31,Industrials,False,False,False,False,True,False,True,True,True,False,True,True,True,True,True
1833.T,2023-03-31,Industrials,False,False,False,False,True,False,True,True,True,False,True,True,True,False,True
1835.T,2023-03-31,Industrials,True,False,False,True,False,False,True,True,True,True,False,False,True,False,False
1841.T,2023-03-31,Industrials,False,False,False,False,False,False,False,True,True,False,False,False,True,False,False
1844.T,2023-07-31,Industrials,False,False,False,False,False,False,True,True,True,True,False,False,True,False,False
1847.T,2023-03-31,Real Estate,False,False,False,False,True,False,True,True,True,False,False,True,True,False,True
1848.T,2023-03-31,Industrials,False,False,False,False,False,False,False,True,True,False,False,False,True,False,True
1850.T,2023-03-31,Industrials,True,True,True,True,True,False,True,True,True,True,True,True,True,False,False
1852.T,2023-03-31,Industrials,False,False,False,False,True,False,True,True,False,True,False,True,True,False,True
1853.T,2023-03-31,Industrials,False,False,False,False,True,False,False,True,True,False,True,True,True,False,True
1860.T,2023-03-31,Industrials,False,False,False,False,False,False,False,True,True,False,False,False,True,False,False
1861.T,2023-03-31,Industrials,False,False,False,False,False,False,False,True,True,False,False,False,True,False,True
1866.T,2023-03-31,Industrials,True,False,False,False,True,True,True,True,True,True,True,True,True,False,False
1867.T,2023-03-31,Industrials,False,False,False,False,True,False,True,True,True,False,False,True,True,False,True
1870.T,2023-03-31,Industrials,False,False,False,False,True,False,True,True,True,False,True,True,True,False,True
1871.T,2023-03-31,Industrials,False,False,False,False,False,False,True,True,True,False,False,False,True,False,True
1878.T,2023-03-31,Real Estate,False,False,True,True,True,False,True,True,False,False,False,True,True,False,True
1879.T,2023-03-31,Industrials,False,False,True,True,True,False,True,True,True,False,True,True,True,False,True
1882.T,2023-03-31,Industrials,False,False,False,False,True,False,True,True,True,False,False,True,True,True,True
1884.T,2023-03-31,Industrials,False,False,False,False,True,False,True,True,True,False,True,True,True,False,True
1885.T,2023-03-31,Industrials,False,False,False,False,False,False,True,True,True,False,False,False,True,False,True
1887.T,2023-05-31,Industrials,False,False,False,False,False,False,True,True,True,False,False,False,True,False,True
1888.T,2023-03-31,Industrials,False,False,True,True,True,True,True,True,False,True,True,True,True,False,False
1890.T,2023-03-31,Industrials,False,False,False,False,True,False,False,True,False,False,True,True,True,False,True
1893.T,2023-03-31,Industrials,False,False,False,False,True,False,False,True,False,False,True,True,True,False,True
1897.T,2022-12-31,Industrials,True,False,False,False,False,False,False,True,True,True,False,False,True,False,True
1898.T,2023-03-31,Industrials,False,False,False,False,True,False,False,True,False,False,False,True,True,False,True
1899.T,2022-12-31,Industrials,False,False,False,False,True,False,True,True,True,False,True,True,True,False,True
1904.T,2023-03-31,Industrials,True,False,False,False,True,False,True,True,True,True,False,True,True,False,True
1905.T,2023-03-31,Industrials,True,False,False,False,True,False,True,True,True,True,False,True,True,False,True
1909.T,2023-03-31,Industrials,True,False,True,True,True,False,True,True,True,True,False,True,True,True,True
1914.T,2023-03-31,Industrials,False,False,False,False,True,False,False,True,True,True,False,True,True,False,False
1921.T,2023-03-31,Industrials,True,False,False,True,True,False,True,True,True,True,False,True,True,False,True
1925.T,2023-03-31,Real Estate,True,False,True,True,True,False,True,True,True,True,True,True,True,False,True
1926.T,2023-03-31,Industrials,False,True,True,True,True,False,True,True,False,True,False,True,True,True,True
1928.T,2023-01-31,Consumer Cyclical,False,False,True,True,True,False,True,True,False,True,False,True,True,True,True
1929.T,2023-03-31,Industrials,False,False,True,True,True,False,True,True,False,True,False,True,True,False,True
1930.T,2023-03-31,Industrials,False,False,False,False,True,False,False,True,True,False,False,True,True,False,True
1934.T,2023-03-31,Industrials,False,False,False,False,True,False,True,True,True,False,False,True,True,False,False
1938.T,2023-03-31,Technology,False,False,False,False,True,False,False,True,True,False,True,True,True,False,False
1939.T,2023-03-31,Industrials,False,False,False,False,True,False,True,True,True,False,True,True,True,False,True
1941.T,2023-03-31,Industrials,False,False,False,False,True,False,True,True,True,False,True,True,False,False,True
1942.T,2023-03-31,Industrials,False,False,False,False,True,False,True,True,True,False,False,True,True,False,True
1944.T,2023-03-31,Industrials,False,False,False,False,True,False,True,True,True,True,False,True,True,False,True
1945.T,2023-03-31,Industrials,True,False,False,False,True,False,False,True,True,True,True,True,True,False,True
1946.T,2023-03-31,Industrials,False,False,False,False,True,False,True,True,True,False,True,True,False,False,True
1948.T,2023-03-31,Industrials,True,False,False,False,True,False,True,True,True,True,False,False,True,False,True
1949.T,2023-03-31,Industrials,False,False,False,True,True,False,True,True,False,False,False,True,True,False,True
1950.T,2023-03-31,Industrials,False,False,False,False,True,False,False,True,True,True,False,True,True,False,True
1951.T,2023-03-31,Industrials,False,False,False,False,True,False,True,True,True,False,False,True,True,True,True
1952.T,2023-03-31,Industrials,False,True,False,True,True,True,True,True,True,False,True,True,True,False,True
1959.T,2023-03-31,Industrials,False,False,True,True,True,False,True,True,True,False,True,True,True,False,True
1960.T,2023-03-31,Industrials,False,False,False,False,True,False,False,True,True,True,True,True,False,False,True
1961.T,2023-03-31,Industrials,False,False,False,False,False,False,False,True,True,False,False,False,True,False,True
1963.T,2023-03-31,Industrials,False,False,False,False,True,True,True,True,False,True,True,True,False,False,True
1964.T,2023-03-31,Industrials,False,False,False,False,False,False,True,True,True,False,False,False,True,False,True
1965.T,2023-03-31,Industrials,False,False,False,False,False,False,True,True,True,True,False,True,True,False,True
1966.T,2023-03-31,Industrials,True,False,True,False,False,False,True,True,True,True,True,True,True,False,False
1967.T,2023-03-31,Industrials,False,False,False,False,False,False,True,True,True,False,False,False,True,False,False
1968.T,2023-03-31,Industrials,False,False,True,True,True,True,True,True,True,True,True,True,True,False,False
1969.T,2023-03-31,Industrials,False,False,False,False,True,False,True,True,False,False,True,True,True,False,True
1971.T,2023-03-31,Basic Materials,False,False,False,False,False,False,True,False,True,False,False,True,False,True,False
1972.T,2023-03-31,Industrials,True,False,True,True,True,False,True,True,True,True,False,True,True,False,False
1973.T,2023-03-31,Technology,False,False,False,True,True,False,False,True,False,False,False,True,True,False,True
1975.T,2023-03-31,Industrials,True,False,False,False,False,False,True,True,True,True,False,True,True,False,False
1976.T,2023-03-31,Industrials,False,False,False,True,True,False,True,True,True,True,True,True,True,False,True
1979.T,2023-03-31,Industrials,False,False,False,False,True,False,False,True,True,True,False,True,True,False,True
1980.T,2023-03-31,Industrials,False,False,False,False,True,False,True,True,True,True,True,True,True,False,True
1981.T,2023-03-31,Industrials,False,False,False,False,True,False,False,True,True,False,False,True,True,False,False
1982.T,2023-03-31,Industrials,False,False,False,False,True,False,True,True,True,True,False,True,True,False,False
1992.T,2023-03-31,Technology,False,False,False,False,True,False,True,True,True,False,False,False,True,False,True
1994.T,2022-12-31,Industrials,False,False,False,False,False,False,False,True,True,False,False,False,True,False,True
1997.T,2023-08-31,Industrials,False,False,False,False,False,False,False,True,True,False,False,True,True,False,True
2001.T,2023-03-31,Consumer Defensive,False,False,False,False,True,False,True,True,True,True,True,True,True,False,True
2002.T,2023-03-31,Consumer Defensive,False,False,False,False,True,False,True,True,False,False,True,True,False,False,True
2003.T,2023-03-31,Consumer Defensive,False,True,False,True,True,False,True,True,True,False,False,True,True,False,True
2004.T,2023-03-31,Consumer Defensive,True,False,False,False,False,False,True,True,True,True,False,True,True,True,True
2009.T,2022-12-31,Consumer Defensive,False,False,False,False,False,False,True,True,True,True,False,True,True,False,True
2053.T,2023-03-31,Consumer Defensive,False,False,False,False,False,False,False,True,True,False,False,False,True,False,True
2055.T,2023-03-31,Consumer Defensive,True,False,False,False,False,False,False,True,True,True,False,False,True,False,True
2060.T,2023-03-31,Consumer Defensive,False,False,False,False,False,False,False,True,True,False,True,False,True,False,True
2107.T,2023-03-31,Consumer Defensive,False,False,False,False,True,False,True,True,True,False,False,True,True,False,True
2108.T,2023-03-31,Consumer Defensive,False,False,False,False,False,False,False,True,True,False,False,False,True,False,True
2109.T,2023-03-31,Consumer Defensive,True,True,False,False,True,False,True,True,True,True,False,True,True,False,True
2112.T,2023-03-31,Consumer Defensive,False,False,False,False,True,False,True,True,True,False,False,True,True,False,True
2114.T,2023-03-31,Consumer Defensive,False,True,False,True,True,False,True,True,True,False,True,True,True,True,True
2117.T,2023-03-31,Consumer Defensive,False,False,False,False,False,False,False,True,True,False,True,False,True,False,True
2121.T,2023-03-31,Communication Services,False,False,False,False,True,False,False,True,False,False,True,True,True,False,False
2124.T,2022-12-31,Industrials,True,False,True,True,True,True,True,True,False,True,True,True,True,False,True
2127.T,2023-03-31,Financial Services,False,False,True,True,True,True,False,True,False,False,False,True,True,True,False
2130.T,2023-03-31,Communication Services,False,False,True,True,True,False,False,True,False,False,False,True,True,True,False
2134.T,2023-03-31,Financial Services,False,False,False,False,False,False,True,True,False,True,True,False,False,False,True
2136.T,2023-03-31,Industrials,False,False,True,True,True,False,True,True,False,False,True,True,True,False,True
2138.T,2023-03-31,Technology,False,False,False,False,True,True,False,True,False,False,True,True,False,False,False
2139.T,2023-03-31,Communication Services,False,False,False,False,True,False,False,True,False,False,True,True,False,False,True
2146.T,2023-03-31,Industrials,False,False,True,True,True,False,False,True,False,False,True,True,True,True,True
2148.T,2023-03-31,Communication Services,False,True,True,True,True,True,True,True,False,False,True,True,True,True,False
2150.T,2022-12-31,Healthcare,False,True,True,True,True,True,False,True,False,False,True,True,True,True,False
2152.T,2023-03-31,Consumer Defensive,False,False,True,True,True,True,True,True,False,True,True,True,True,False,True
2153.T,2023-05-31,Industrials,False,False,True,True,True,False,True,True,True,False,False,True,True,True,True
2154.T,2023-06-30,Industrials,True,True,True,True,True,False,False,True,False,True,True,True,True,True,False
2156.T,2023-03-31,Communication Services,False,False,False,False,True,True,True,True,False,True,True,True,False,False,True
2157.T,2023-08-31,Consumer Cyclical,True,False,True,True,True,False,False,True,False,True,True,True,False,False,False
2158.T,2023-03-31,Technology,False,False,False,False,False,False,True,True,False,False,False,False,False,False,True
2160.T,2022-12-31,Healthcare,False,False,False,False,True,False,False,True,False,False,False,True,True,True,False
2162.T,2023-03-31,Technology,False,False,True,False,False,False,False,False,False,True,False,True,False,False,False
2163.T,2023-01-31,Industrials,False,True,True,True,True,False,True,True,False,True,True,True,True,True,True
2164.T,2023-08-31,Communication Services,False,False,False,False,False,False,False,False,False,False,False,True,False,False,False
2168.T,2023-05-31,Industrials,False,False,False,False,True,False,True,False,False,False,False,True,True,True,False
2169.T,2022-12-31,Technology,False,False,True,True,True,True,True,True,False,True,True,True,True,False,True
2170.T,2022-12-31,Industrials,True,False,True,True,True,False,False,True,False,True,True,True,False,False,False
2173.T,2023-03-31,Communication Services,False,False,True,True,True,False,True,True,False,False,False,True,False,False,False
2175.T,2023-03-31,Healthcare,False,True,True,True,True,True,False,True,False,False,True,True,True,True,False
2179.T,2023-03-31,Consumer Defensive,False,False,True,False,True,False,True,True,False,True,False,True,False,False,True
2180.T,2023-06-30,Communication Services,True,True,True,True,True,False,True,True,False,True,False,True,False,True,True
2181.T,2023-03-31,Industrials,False,False,True,False,True,False,False,True,True,False,False,True,True,False,False
2183.T,2023-03-31,Healthcare,False,True,True,True,True,True,False,True,False,True,True,True,True,False,True
2186.T,2023-02-28,Technology,True,False,True,True,True,False,True,True,False,True,True,True,True,False,True
2193.T,2022-12-31,Communication Services,False,False,False,False,False,False,True,True,False,False,False,False,False,False,False
2195.T,2022-12-31,Industrials,False,False,True,True,True,True,False,True,False,False,True,True,True,False,False
2196.T,2023-03-31,Consumer Cyclical,False,False,False,False,True,False,True,False,False,False,False,True,False,False,False
2201.T,2023-03-31,Consumer Defensive,False,False,False,False,False,False,True,True,True,False,False,True,True,False,True
2204.T,2023-03-31,Consumer Defensive,False,False,False,False,True,False,True,True,True,False,True,True,False,False,False
2207.T,2023-03-31,Consumer Defensive,False,False,False,False,False,False,False,True,True,False,False,False,True,False,False
2208.T,2023-03-31,Consumer Defensive,False,False,False,False,True,False,False,True,False,False,False,True,True,False,True
2209.T,2023-03-31,Consumer Defensive,False,True,False,False,True,False,False,True,False,True,True,True,True,False,False
2211.T,2022-12-31,Consumer Defensive,False,False,False,False,True,False,False,True,False,False,False,True,True,False,False
2212.T,2022-12-31,Consumer Defensive,False,False,False,False,True,False,False,True,True,True,False,True,True,False,True
2216.T,2022-12-31,Consumer Defensive,True,False,True,True,True,False,True,True,False,True,True,True,True,False,True
2217.T,2023-01-31,Consumer Defensive,True,False,False,True,True,False,True,True,False,True,True,True,True,False,True
2220.T,2023-03-31,Consumer Defensive,False,False,False,False,True,False,False,True,False,False,True,True,True,False,False
2221.T,2023-03-31,Consumer Defensive,True,False,False,False,True,True,True,True,True,True,True,True,True,False,True
2222.T,2023-03-31,Consumer Defensive,True,False,True,True,True,True,False,True,False,True,True,True,False,False,True
2224.T,2023-03-31,Consumer Defensive,False,False,False,False,True,False,False,True,False,False,True,True,True,False,False
2229.T,2023-03-31,Consumer Defensive,False,False,False,True,True,False,False,True,False,False,False,True,True,False,False
2264.T,2023-03-31,Consumer Defensive,False,False,False,False,True,False,True,True,True,False,False,True,True,False,True
2266.T,2022-12-31,Consumer Defensive,False,False,False,False,True,False,False,True,True,False,False,True,True,False,True
2267.T,2023-03-31,Consumer Defensive,False,False,False,True,True,True,False,True,False,True,True,True,True,False,False
2268.T,2022-12-31,Consumer Defensive,True,True,True,True,True,False,False,True,False,True,True,True,True,False,True
2269.T,2023-03-31,Consumer Defensive,False,False,False,True,True,False,True,True,False,False,False,True,True,False,True
2270.T,2023-03-31,Consumer Defensive,False,False,False,False,True,False,True,True,True,False,True,True,True,False,True
2281.T,2023-03-31,Consumer Defensive,False,False,False,False,True,False,False,True,True,False,False,True,True,False,True
2282.T,2023-03-31,Consumer Defensive,False,False,False,False,True,False,False,True,True,False,False,True,True,False,True
2286.T,2023-03-31,Consumer Defensive,False,False,False,False,False,False,True,True,True,False,False,True,True,False,True
2288.T,2023-03-31,Consumer Defensive,True,False,False,False,True,False,True,True,True,False,False,True,False,False,True
2291.T,2023-03-31,Consumer Defensive,True,False,False,False,False,False,True,False,False,False,False,True,False,False,True
2292.T,2023-02-28,Consumer Defensive,False,False,False,True,True,False,True,True,True,False,True,True,True,False,True
2293.T,2023-03-31,Consumer Defensive,False,False,False,False,True,False,True,False,False,False,False,True,False,False,True
2294.T,2023-02-28,Consumer Defensive,False,False,True,True,True,False,True,True,False,True,True,True,True,False,True
2296.T,2023-03-31,Consumer Defensive,False,False,False,False,True,False,True,True,False,False,False,True,True,False,True
2300.T,2023-02-28,Consumer Cyclical,False,False,False,False,True,False,True,True,False,True,True,True,False,False,True
2303.T,2023-05-31,Technology,False,True,True,True,True,True,False,True,False,True,True,True,True,True,True
2305.T,2023-02-28,Consumer Cyclical,False,False,False,True,True,False,False,True,False,False,False,True,True,False,False
2307.T,2023-03-31,Technology,True,False,True,True,True,False,False,True,False,True,True,True,True,False,False
2311.T,2022-12-31,Industrials,False,False,False,True,False,False,False,True,False,False,False,True,True,True,True
2317.T,2023-03-31,Technology,False,False,True,True,True,False,False,True,False,True,True,True,True,False,False
2321.T,2023-03-31,Technology,True,False,False,False,False,False,True,True,False,False,False,True,False,True,True
2323.T,2023-03-31,Technology,False,False,False,False,True,True,False,True,False,True,False,True,False,False,True
2325.T,2022-12-31,Industrials,False,False,False,True,True,False,True,True,True,False,True,True,True,False,True
2326.T,2023-03-31,Technology,False,True,True,True,True,True,False,True,False,False,True,True,True,True,False
2327.T,2023-03-31,Technology,False,False,True,True,True,False,False,True,False,True,True,True,True,False,False
2329.T,2023-03-31,Communication Services,False,False,False,False,True,False,True,True,True,False,True,True,True,False,True
2330.T,2022-12-31,Consumer Cyclical,False,False,False,False,False,False,True,False,False,False,False,False,False,False,True
2331.T,2023-03-31,Industrials,False,False,False,False,True,False,False,True,False,False,False,True,True,True,True
2334.T,2023-03-31,Technology,False,False,False,False,True,False,False,True,False,True,True,True,False,False,True
2335.T,2023-03-31,Technology,False,True,True,True,True,False,False,True,False,False,True,True,True,True,False
2337.T,2023-02-28,Real Estate,True,False,False,False,True,False,True,True,False,True,False,False,True,False,True
2338.T,2023-02-28,Technology,True,False,False,False,False,False,True,True,False,False,False,True,False,False,False
2340.T,2023-03-31,Consumer Cyclical,False,True,False,False,True,False,True,False,False,False,False,True,False,False,True
2341.T,2023-02-28,Communication Services,False,False,False,False,True,False,False,True,False,True,False,True,False,False,True
2342.T,2023-03-31,Healthcare,False,False,False,False,False,False,True,True,True,False,False,False,False,False,False
2344.T,2023-03-31,Consumer Cyclical,False,False,False,False,True,False,True,True,True,True,False,True,True,False,True
2349.T,2023-03-31,Technology,True,True,True,True,True,True,True,True,False,True,True,True,True,False,False
2351.T,2023-03-31,Technology,False,False,False,False,True,False,False,True,False,True,True,True,False,False,False
2353.T,2023-07-31,Industrials,True,True,True,True,True,False,False,True,False,True,False,True,True,True,False
2354.T,2023-02-28,Technology,True,False,True,True,True,False,True,True,False,True,False,True,True,False,True
2359.T,2023-03-31,Technology,False,True,True,True,True,False,True,True,False,True,True,True,True,False,False
2371.T,2023-03-31,Communication Services,False,False,True,True,True,True,False,True,False,True,True,True,True,False,False
2372.T,2023-03-31,Healthcare,True,True,True,True,True,False,True,True,False,True,True,True,True,True,False
2374.T,2023-03-31,Healthcare,False,False,True,True,True,False,True,True,False,False,True,True,True,True,False
2376.T,2023-03-31,Communication Services,False,False,False,False,True,False,True,True,True,True,True,True,True,False,True
2378.T,2023-03-31,Communication Services,False,False,False,False,True,False,True,False,False,False,True,True,False,False,False
2379.T,2023-02-28,Industrials,True,False,True,True,True,True,False,True,False,True,True,True,True,False,True
2384.T,2022-12-31,Industrials,False,True,True,False,True,False,True,True,False,False,True,True,True,True,True
2385.T,2023-06-30,Healthcare,False,False,False,True,False,False,False,True,False,False,False,False,True,False,False
2389.T,2022-12-31,Communication Services,False,False,True,True,False,False,True,True,True,False,False,False,True,False,False
2391.T,2023-07-31,Technology,False,False,False,True,True,False,False,True,False,False,False,True,True,True,False
2395.T,2023-03-31,Healthcare,False,False,True,True,True,False,False,True,False,False,True,True,True,True,True
2397.T,2023-03-31,Healthcare,True,False,False,False,False,False,True,True,False,False,False,False,False,False,True
2402.T,2022-12-31,Communication Services,False,False,True,False,False,False,True,False,True,True,True,False,False,False,False
2404.T,2023-08-31,Consumer Cyclical,False,False,False,False,True,False,False,False,False,False,False,True,False,False,False
2408.T,2022-12-31,Communication Services,True,False,False,False,True,True,True,True,True,True,True,True,False,False,True
2411.T,2023-03-31,Communication Services,True,False,False,True,True,False,False,True,False,True,False,True,False,False,False
2412.T,2023-03-31,Industrials,False,False,True,True,True,False,False,True,False,False,False,True,True,True,False
2413.T,2023-03-31,Healthcare,False,False,True,True,True,True,False,True,False,False,True,True,True,True,False
2415.T,2023-03-31,Consumer Defensive,False,False,False,False,True,False,True,True,True,False,True,True,True,False,True
2418.T,2022-12-31,Consumer Cyclical,False,False,False,False,True,True,True,False,True,True,True,True,False,False,True
2424.T,2023-07-31,Consumer Cyclical,False,False,True,True,True,False,True,True,False,False,False,True,False,True,False
2425.T,2023-03-31,Healthcare,True,False,True,True,True,False,True,True,False,True,True,True,True,False,False
2427.T,2022-12-31,Industrials,True,False,True,False,True,False,True,False,False,True,True,True,True,True,True
2428.T,2023-06-30,Technology,False,False,False,False,True,False,False,True,False,True,True,True,True,False,False
2429.T,2022-12-31,Industrials,False,False,True,False,False,False,True,True,False,True,True,True,True,True,True
2432.T,2023-03-31,Communication Services,False,False,False,False,True,False,False,True,False,False,True,False,False,False,False
2433.T,2023-03-31,Communication Services,False,False,False,False,True,False,False,True,False,False,False,True,True,False,False
2435.T,2023-03-31,Healthcare,False,False,False,False,True,False,True,False,False,False,True,True,False,True,True
2436.T,2022-12-31,Communication Services,True,False,True,True,True,False,True,True,False,True,True,True,True,False,False
2437.T,2023-05-31,Consumer Cyclical,True,True,True,True,True,True,False,True,False,True,True,True,False,False,False
2438.T,2023-04-30,Consumer Cyclical,True,False,False,True,True,False,False,True,False,True,True,True,True,False,False
2440.T,2023-03-31,Communication Services,False,False,False,False,False,False,True,True,False,True,True,False,False,False,False
2445.T,2023-03-31,Industrials,True,False,False,False,False,False,False,True,False,True,False,True,True,False,True
2449.T,2023-08-31,Industrials,True,False,False,True,True,True,False,True,True,True,True,True,True,False,True
2454.T,2023-03-31,Communication Services,False,False,False,False,True,False,True,True,False,False,False,True,False,False,False
2459.T,2023-05-31,Communication Services,False,False,False,False,False,False,True,True,False,False,False,False,False,False,False
2461.T,2022-12-31,Communication Services,False,False,False,True,True,True,False,True,False,True,False,True,True,False,True
2462.T,2023-05-31,Industrials,False,False,True,True,True,False,True,True,False,False,True,True,True,True,False
2464.T,2023-03-31,Consumer Defensive,True,True,True,True,True,True,True,True,False,True,True,False,True,True,False
2468.T,2023-03-31,Technology,False,False,False,False,False,False,True,True,False,False,False,False,False,False,True
2469.T,2023-03-31,Technology,False,False,False,False,False,False,False,False,False,False,False,True,False,False,True
2475.T,2023-03-31,Industrials,False,False,True,True,True,False,True,True,False,False,True,True,True,True,False
2477.T,2023-06-30,Communication Services,False,False,True,True,True,True,False,True,False,False,True,True,True,False,False
2479.T,2023-03-31,Technology,True,False,True,True,True,False,False,True,False,True,True,True,True,False,True
2480.T,2023-03-31,Industrials,False,False,True,True,True,True,True,True,False,False,False,True,True,True,False
2481.T,2023-06-30,Communication Services,True,True,False,True,True,True,True,True,True,True,False,True,True,True,True
2483.T,2023-03-31,Industrials,False,False,True,True,True,False,True,True,False,True,True,True,True,False,True
2484.T,2023-08-31,Consumer Cyclical,False,False,False,False,False,False,True,True,False,True,False,False,False,True,True
2488.T,2023-03-31,Technology,False,False,True,True,True,False,False,True,False,True,True,True,True,True,True
2491.T,2022-12-31,Communication Services,True,False,True,True,True,True,True,True,False,True,True,True,True,True,False
2492.T,2022-12-31,Technology,False,False,False,False,True,False,False,True,False,False,False,True,True,True,False
2497.T,2023-03-31,Technology,False,True,True,True,True,True,True,True,False,True,True,True,True,False,True
2499.T,2022-12-31,Industrials,False,False,False,False,True,False,True,True,True,False,False,True,True,False,True
2501.T,2022-12-31,Consumer Defensive,False,False,False,False,True,False,False,False,False,False,False,True,False,False,True
2502.T,2022-12-31,Consumer Defensive,False,False,False,False,True,False,True,True,False,False,False,True,True,False,True
2503.T,2022-12-31,Consumer Defensive,True,False,False,False,True,False,False,True,False,True,False,True,True,False,True
2531.T,2023-03-31,Consumer Defensive,False,True,False,True,True,False,True,True,True,False,True,True,True,False,True
2533.T,2022-12-31,Consumer Defensive,False,False,False,False,False,False,True,True,True,False,False,True,False,True,True
2540.T,2023-03-31,Consumer Defensive,False,True,False,False,True,True,False,True,True,True,False,True,True,False,True
2573.T,2022-12-31,Consumer Defensive,False,False,False,False,True,False,False,True,True,False,False,True,True,False,True
2579.T,2022-12-31,Consumer Defensive,True,False,False,False,True,False,True,True,True,False,False,True,False,False,True
2585.T,2023-03-31,Consumer Defensive,False,False,True,True,True,False,False,True,False,False,True,True,True,True,True
2586.T,2023-03-31,Consumer Defensive,False,False,False,False,False,False,True,True,False,False,False,False,False,False,True
2587.T,2022-12-31,Consumer Defensive,False,False,False,False,True,False,False,True,False,True,True,True,True,False,True
2588.T,2023-03-31,Utilities,True,True,True,True,True,True,True,False,False,True,True,True,True,True,True
2590.T,2023-01-31,Consumer Defensive,False,False,False,False,True,False,True,True,True,False,False,True,False,False,True
2593.T,2023-04-30,Consumer Defensive,False,False,False,False,True,False,False,True,False,False,True,True,True,False,True
2594.T,2023-03-31,Consumer Defensive,False,False,False,False,False,False,False,True,False,False,False,False,False,False,False
2597.T,2022-12-31,Consumer Defensive,False,False,False,False,True,False,True,True,False,False,False,True,False,False,True
2599.T,2023-03-31,Consumer Defensive,False,False,False,False,True,True,False,True,True,False,False,True,False,False,False
2602.T,2023-03-31,Consumer Defensive,True,False,False,False,True,False,True,True,True,True,True,True,True,True,True
2607.T,2023-03-31,Consumer Defensive,False,False,False,False,True,False,False,True,True,False,True,True,True,False,True
2612.T,2023-03-31,Consumer Defensive,False,False,False,True,True,False,True,True,False,False,True,True,True,False,False
2613.T,2023-03-31,Consumer Defensive,False,False,False,False,False,False,False,True,True,False,False,False,True,False,True
2651.T,2023-02-28,Consumer Defensive,True,False,True,False,True,True,False,False,False,True,True,True,True,False,True
2653.T,2023-02-28,Consumer Cyclical,True,True,True,False,True,False,False,False,False,True,False,True,True,True,True
2654.T,2023-03-31,Consumer Defensive,False,False,False,False,True,False,False,True,True,False,True,True,True,False,False
2656.T,2023-03-31,Communication Services,False,False,False,False,False,False,True,True,False,False,False,False,False,False,True
2659.T,2023-02-28,Consumer Cyclical,False,False,False,False,True,False,False,True,False,True,True,True,True,True,True
2664.T,2023-03-31,Healthcare,False,False,False,False,True,False,True,True,True,False,False,True,True,False,True
2666.T,2023-03-31,Consumer Cyclical,True,False,False,False,True,False,True,True,True,True,False,True,True,False,False
2668.T,2023-02-28,Consumer Cyclical,False,False,False,False,True,False,False,True,False,True,False,True,False,False,True
2669.T,2023-02-28,Consumer Defensive,False,False,False,True,True,False,False,True,False,True,True,True,True,False,True
2670.T,2023-02-28,Consumer Cyclical,True,False,False,True,True,False,False,True,True,True,False,True,True,False,True
2673.T,2023-03-31,Consumer Cyclical,False,False,False,False,False,False,False,True,True,False,False,False,False,False,False
2674.T,2023-03-31,Consumer Cyclical,True,False,True,True,True,False,True,True,False,True,True,True,True,True,False
2676.T,2023-03-31,Industrials,True,True,False,True,False,False,False,True,False,True,False,False,True,False,True
2678.T,2023-05-31,Consumer Cyclical,False,True,True,False,True,False,False,False,False,False,True,True,True,True,False
2681.T,2023-03-31,Consumer Cyclical,False,False,False,False,True,False,True,True,True,False,False,True,False,True,True
2683.T,2023-02-28,Consumer Defensive,False,False,False,False,False,False,False,True,False,False,False,False,True,False,True
2685.T,2023-02-28,Consumer Cyclical,True,False,True,True,True,False,False,True,False,True,False,True,False,False,True
2686.T,2023-02-28,Consumer Cyclical,False,False,True,False,False,False,True,False,True,True,True,False,False,False,False
2687.T,2023-02-28,Consumer Defensive,False,False,False,False,False,False,True,True,True,True,True,False,False,False,True
2689.T,2023-06-30,Healthcare,False,False,True,False,False,False,True,False,False,False,False,False,True,False,True
2692.T,2023-03-31,Consumer Defensive,False,True,False,False,True,False,True,True,True,True,True,True,True,False,True
2693.T,2022-12-31,Industrials,True,False,True,True,True,False,True,True,True,True,False,True,True,True,False
2694.T,2023-03-31,Consumer Cyclical,False,False,False,False,True,False,False,True,False,False,True,True,False,False,True
2700.T,2022-12-31,Consumer Defensive,True,False,False,False,True,False,True,True,True,True,True,True,True,False,True
2702.T,2022-12-31,Consumer Cyclical,False,False,False,True,True,False,False,True,False,False,False,True,True,True,True
2705.T,2023-03-31,Consumer Cyclical,False,False,False,False,True,False,False,True,False,False,False,True,False,False,True
2708.T,2023-03-31,Consumer Defensive,False,False,True,False,True,False,True,False,False,True,True,True,False,False,True
2715.T,2023-03-31,Technology,True,True,True,True,True,False,True,True,False,True,True,True,True,True,False
2721.T,2022-12-31,Real Estate,True,False,False,False,False,False,True,True,False,True,True,True,False,False,False
2722.T,2023-05-31,Consumer Defensive,False,False,False,False,True,False,True,False,False,True,False,True,False,False,False
2726.T,2023-02-28,Consumer Cyclical,True,False,True,True,True,False,True,True,False,True,True,True,True,False,True
2730.T,2023-03-31,Consumer Cyclical,False,False,False,False,True,False,True,True,True,False,False,True,True,False,True
2733.T,2023-03-31,Consumer Cyclical,False,False,False,False,True,False,True,True,True,False,True,True,True,True,True
2735.T,2023-08-31,Consumer Defensive,False,False,False,False,True,False,False,True,True,False,False,True,True,False,True
2736.T,2023-08-31,Consumer Cyclical,False,False,False,False,True,False,False,False,False,False,False,True,False,False,False
2737.T,2023-03-31,Technology,False,False,True,False,False,False,True,True,True,False,True,False,True,False,False
2742.T,2023-02-28,Consumer Defensive,False,True,True,True,True,False,True,True,False,False,True,True,True,True,True
2743.T,2022-12-31,Utilities,False,False,False,False,False,False,True,False,False,False,True,False,False,False,False
2747.T,2023-02-28,Consumer Defensive,False,False,False,False,True,False,False,True,True,False,True,True,True,False,True
2749.T,2023-03-31,Industrials,False,False,True,True,True,False,True,True,False,True,True,True,True,True,False
2750.T,2023-03-31,Consumer Defensive,True,True,False,False,False,False,True,True,True,True,True,False,True,True,False
2751.T,2023-04-30,Consumer Cyclical,False,False,True,True,True,False,False,True,False,False,False,True,True,False,True
2752.T,2022-12-31,Consumer Cyclical,False,False,False,False,True,False,True,False,False,False,False,True,False,False,True
2753.T,2023-03-31,Consumer Cyclical,False,False,False,False,True,False,False,True,False,False,True,True,False,False,False
2754.T,2023-03-31,Consumer Cyclical,False,False,False,False,True,False,True,True,True,True,True,True,True,False,True
2760.T,2023-03-31,Technology,True,True,True,True,False,False,True,False,True,True,True,False,True,True,True
2762.T,2023-06-30,Consumer Cyclical,True,False,False,False,False,False,True,False,False,False,False,False,False,False,False
2763.T,2023-03-31,Technology,False,False,True,True,True,True,True,True,False,False,True,True,True,False,False
2764.T,2023-03-31,Consumer Cyclical,False,False,False,False,False,False,True,False,False,True,False,True,False,False,False
2767.T,2023-03-31,Consumer Cyclical,True,False,True,True,True,False,True,True,False,True,True,True,False,False,True
2768.T,2023-03-31,Industrials,True,False,True,False,True,False,True,True,True,True,False,True,True,False,True
2769.T,2023-05-31,Consumer Cyclical,False,False,False,False,False,False,False,True,False,False,False,True,False,False,True
2776.T,2023-01-31,Consumer Cyclical,False,False,False,False,False,False,True,True,False,False,True,False,False,False,False
2778.T,2023-02-28,Consumer Cyclical,False,False,True,True,True,False,True,False,False,True,True,False,False,False,False
2780.T,2023-03-31,Real Estate,True,False,True,True,True,False,True,True,False,True,True,True,False,False,True
2782.T,2023-03-31,Consumer Defensive,False,False,True,True,True,False,False,True,False,False,False,True,True,True,False
2784.T,2023-03-31,Healthcare,False,False,False,False,True,False,False,True,True,False,False,True,True,False,True
2788.T,2022-12-31,Consumer Cyclical,True,True,True,True,False,False,True,True,True,True,False,False,True,False,False
2789.T,2023-02-28,Consumer Cyclical,False,False,False,False,True,False,True,False,False,True,False,True,False,False,True
2790.T,2023-03-31,Consumer Cyclical,False,False,False,False,True,False,True,True,True,False,True,True,True,False,True
2791.T,2023-05-31,Consumer Defensive,False,False,False,False,True,False,False,True,False,False,False,True,True,True,True
2792.T,2023-05-31,Consumer Cyclical,True,False,True,True,True,False,True,True,False,True,True,True,True,True,False
2795.T,2023-03-31,Industrials,False,False,False,False,True,False,True,True,True,False,False,True,True,False,True
2796.T,2023-05-31,Healthcare,False,False,False,False,True,False,False,False,True,False,True,True,True,False,True
2798.T,2023-02-28,Consumer Cyclical,False,False,False,False,True,False,True,False,False,True,True,True,False,False,True
2801.T,2023-03-31,Consumer Defensive,False,True,True,True,True,False,False,True,False,False,True,True,True,False,True
2802.T,2023-03-31,Consumer Defensive,True,True,True,True,True,False,False,True,False,True,False,True,True,False,True
2804.T,2023-03-31,Consumer Defensive,False,False,False,False,True,False,False,True,False,False,True,True,True,False,True
2805.T,2023-03-31,Consumer Defensive,False,False,False,False,True,False,True,True,True,False,False,True,True,False,True
2806.T,2023-03-31,Consumer Defensive,False,False,False,False,True,False,False,True,True,False,True,True,True,False,False
2810.T,2023-03-31,Consumer Defensive,False,False,False,False,True,False,False,True,False,False,False,True,True,False,False
2811.T,2022-12-31,Consumer Defensive,False,False,False,False,True,False,False,True,False,False,False,True,True,True,True
2812.T,2023-03-31,Consumer Defensive,False,False,False,False,False,False,False,True,True,False,False,True,True,False,True
2813.T,2023-03-31,Consumer Defensive,True,True,True,True,True,False,True,True,True,True,True,True,False,False,True
2814.T,2023-03-31,Consumer Defensive,False,False,False,False,True,False,False,True,True,False,False,True,True,False,False
2815.T,2023-03-31,Consumer Defensive,False,False,False,True,True,False,False,True,False,False,True,True,True,False,False
2816.T,2023-03-31,Consumer Defensive,False,False,False,False,True,False,False,True,False,False,False,True,True,True,True
2818.T,2023-03-31,Consumer Defensive,False,False,False,False,True,False,True,True,False,False,True,True,False,False,False
2819.T,2023-03-31,Consumer Defensive,False,False,False,True,True,False,True,True,False,False,True,True,True,False,False
2820.T,2023-06-30,Consumer Defensive,True,False,False,True,True,False,True,True,False,True,True,True,True,True,True
2831.T,2023-03-31,Consumer Defensive,False,False,False,False,False,False,True,True,True,False,False,True,False,False,True
2871.T,2023-03-31,Consumer Defensive,False,False,False,False,True,False,False,True,False,False,True,True,True,False,True
2872.T,2023-02-28,Consumer Defensive,False,False,False,False,True,False,False,True,False,False,True,True,False,False,True
2875.T,2023-03-31,Consumer Defensive,True,False,False,True,True,False,False,True,False,True,True,True,True,False,False
2876.T,2023-03-31,Consumer Defensive,False,False,False,False,True,False,True,True,True,False,True,True,True,False,False
2877.T,2023-03-31,Consumer Defensive,False,False,False,False,True,False,False,True,True,False,True,True,True,False,True
2883.T,2023-03-31,Industrials,True,False,True,True,True,False,True,True,False,True,False,True,True,False,True
2884.T,2023-02-28,Consumer Defensive,True,True,False,False,True,False,False,True,False,True,True,True,True,False,False
2892.T,2023-03-31,Consumer Defensive,True,True,True,True,False,False,True,True,True,True,True,True,True,False,True
2894.T,2023-03-31,Consumer Defensive,True,False,True,False,True,False,True,True,False,True,False,True,False,False,True
2897.T,2023-03-31,Consumer Defensive,True,False,False,True,True,False,True,True,True,True,False,True,True,True,True
2899.T,2023-03-31,Consumer Defensive,False,False,False,False,True,False,True,True,False,False,False,True,True,False,True
2901.T,2023-03-31,Consumer Defensive,False,False,False,False,False,False,True,False,False,False,False,False,False,False,False
2903.T,2023-03-31,Consumer Defensive,False,False,False,False,True,False,False,True,True,False,True,True,True,False,True
2904.T,2023-06-30,Consumer Defensive,False,False,False,False,False,False,False,True,False,False,False,True,True,False,False
2907.T,2023-03-31,Consumer Defensive,False,False,False,False,True,False,False,True,True,False,True,True,True,False,True
2908.T,2023-03-31,Consumer Defensive,False,False,False,False,True,False,False,True,True,False,True,True,True,False,False
2910.T,2023-04-30,Consumer Defensive,False,False,False,False,True,False,False,True,False,False,False,True,True,False,True
2911.T,2023-03-31,Consumer Defensive,False,False,False,False,True,False,True,True,True,False,False,True,False,False,True
2914.T,2022-12-31,Consumer Defensive,True,False,True,True,True,True,True,True,False,True,True,True,True,False,True
2915.T,2023-03-31,Consumer Defensive,False,False,False,False,True,False,False,True,True,False,False,True,True,False,True
2916.T,2023-03-31,Consumer Defensive,False,False,False,False,True,False,False,True,True,False,False,True,True,False,True
2918.T,2023-02-28,Consumer Defensive,False,False,False,False,True,False,True,True,True,False,True,True,True,False,True
2922.T,2023-03-31,Consumer Defensive,False,False,False,False,False,False,False,True,False,False,False,False,True,False,True
2923.T,2023-04-30,Consumer Defensive,False,False,True,False,True,False,True,True,False,False,True,True,True,False,True
2924.T,2023-03-31,Consumer Defensive,False,True,True,True,True,False,True,True,False,True,True,True,True,False,True
2927.T,2023-08-31,Consumer Defensive,True,False,False,False,True,False,False,True,True,True,True,True,True,True,True
2929.T,2023-07-31,Healthcare,False,False,True,True,True,False,True,False,False,True,True,True,False,True,False
2930.T,2023-02-28,Consumer Defensive,False,False,False,False,True,False,False,True,False,False,False,True,True,False,False
2932.T,2022-12-31,Consumer Defensive,False,False,True,True,True,False,False,True,False,False,False,True,True,True,True
2933.T,2023-03-31,Consumer Defensive,False,False,False,False,True,False,False,False,False,False,False,True,True,False,True
2934.T,2023-05-31,Healthcare,False,False,False,False,False,False,True,True,False,False,False,False,False,True,True
2970.T,2022-12-31,Real Estate,True,False,True,False,False,False,True,True,False,True,True,False,True,True,True
2978.T,2023-07-31,Real Estate,False,False,False,False,False,False,True,True,False,True,True,False,False,False,False
2980.T,2023-03-31,Real Estate,True,True,True,True,True,True,False,True,False,True,True,True,True,True,False
2981.T,2023-03-31,Real Estate,True,False,True,True,True,False,True,True,False,False,False,True,True,True,True
2983.T,2023-01-31,Real Estate,False,False,False,False,False,False,True,False,True,False,False,False,True,True,True
2984.T,2023-03-31,Real Estate,False,False,True,False,False,False,True,False,True,False,False,True,True,False,True
2991.T,2023-07-31,Real Estate,False,True,True,False,False,False,True,True,True,False,False,False,True,True,False
2993.T,2023-03-31,Real Estate,False,False,True,False,True,False,True,False,True,False,False,True,True,False,False
2997.T,2023-01-31,Real Estate,False,False,True,True,True,False,True,True,False,False,True,True,False,False,False
2998.T,2023-03-31,Financial Services,True,False,True,False,True,False,False,False,False,False,True,True,True,True,True
2999.T,2023-08-31,Consumer Cyclical,False,False,False,False,False,False,False,False,True,False,True,False,False,True,False
3001.T,2022-12-31,Industrials,False,False,False,False,False,False,False,True,True,False,False,False,True,False,True
3002.T,2023-03-31,Consumer Cyclical,True,False,False,False,True,False,False,True,True,True,False,True,True,False,False
3003.T,2022-12-31,Real Estate,False,True,True,False,True,False,True,False,False,True,False,True,True,False,True
3004.T,2023-03-31,Industrials,True,False,True,False,True,False,True,False,True,True,True,True,False,False,True
3010.T,2023-03-31,Real Estate,False,False,True,False,False,False,False,False,False,True,True,True,False,False,True
3011.T,2023-03-31,Consumer Cyclical,False,True,False,False,True,False,True,False,False,True,False,True,False,False,True
3020.T,2023-03-31,Technology,False,False,True,True,True,False,True,True,True,False,True,True,True,False,True
3021.T,2023-05-31,Technology,True,False,True,False,True,False,False,True,False,True,True,True,True,True,False
3023.T,2023-03-31,Basic Materials,False,False,True,True,True,False,True,True,True,True,True,True,True,False,True
3024.T,2023-03-31,Industrials,True,False,False,False,True,False,True,False,True,True,True,True,False,False,False
3028.T,2023-06-30,Consumer Cyclical,False,False,False,False,True,False,True,True,True,False,False,True,True,False,True
3030.T,2023-02-28,Consumer Cyclical,False,False,False,False,True,False,True,True,False,False,True,True,False,False,True
3031.T,2023-04-30,Consumer Cyclical,True,False,True,False,True,True,False,True,False,True,True,True,True,True,True
3034.T,2023-03-31,Healthcare,False,False,True,True,True,False,True,True,True,False,True,True,True,False,True
3035.T,2023-08-31,Industrials,False,False,False,False,True,False,True,True,True,False,True,True,True,False,True
3036.T,2023-03-31,Basic Materials,False,False,False,False,True,False,True,True,True,False,False,True,True,False,False
3040.T,2022-12-31,Technology,False,False,True,True,True,True,True,True,False,False,True,True,True,True,True
3041.T,2023-06-30,Consumer Cyclical,False,True,True,False,True,False,False,False,False,False,True,True,False,True,True
3042.T,2023-03-31,Technology,False,False,False,False,False,False,True,True,False,True,False,False,False,False,True
3045.T,2023-08-31,Consumer Cyclical,False,False,False,False,True,False,False,True,True,False,False,True,True,False,False
3046.T,2023-08-31,Healthcare,True,False,False,False,True,False,False,True,False,True,False,True,True,True,True
3048.T,2023-08-31,Consumer Cyclical,False,False,False,False,True,False,False,True,False,False,False,True,True,False,True
3050.T,2023-02-28,Consumer Cyclical,False,False,False,False,True,False,True,True,True,False,True,True,True,False,False
3054.T,2022-12-31,Technology,True,False,False,False,False,False,True,True,False,False,False,False,False,False,False
3058.T,2023-03-31,Consumer Cyclical,True,False,False,False,False,False,True,False,False,False,False,False,False,False,False
3059.T,2023-03-31,Consumer Cyclical,False,False,False,False,False,False,False,True,True,False,False,False,True,False,False
3063.T,2023-02-28,Consumer Cyclical,True,False,False,False,False,False,True,False,False,True,False,False,False,False,True
3064.T,2022-12-31,Consumer Cyclical,False,True,True,True,True,False,False,True,False,False,False,True,True,True,True
3065.T,2023-02-28,Consumer Cyclical,False,False,False,False,True,False,True,True,False,False,False,True,False,False,True
3068.T,2023-03-31,Consumer Cyclical,True,False,True,False,True,False,True,False,False,True,False,True,False,False,True
3069.T,2023-03-31,Consumer Cyclical,False,False,False,False,False,False,True,False,False,False,False,False,False,False,False
3070.T,2023-01-31,Consumer Cyclical,False,False,False,False,False,False,True,False,False,False,False,False,False,False,True
3071.T,2023-01-31,Consumer Cyclical,False,False,False,False,True,False,True,True,False,False,False,True,True,False,False
3073.T,2023-02-28,Consumer Cyclical,False,False,True,False,True,True,False,False,False,True,True,True,False,False,True
3075.T,2023-05-31,Consumer Cyclical,False,False,False,False,True,False,False,True,False,False,False,True,False,False,True
3076.T,2023-06-30,Industrials,False,True,True,True,True,False,True,True,False,False,True,True,True,False,True
3077.T,2023-03-31,Consumer Cyclical,True,False,False,False,True,False,True,False,False,False,True,True,False,False,True
3079.T,2023-03-31,Healthcare,False,False,True,False,True,False,True,True,False,True,True,True,True,False,False
3080.T,2023-02-28,Consumer Defensive,False,False,True,True,True,False,True,True,False,False,True,True,True,False,False
3082.T,2023-06-30,Consumer Cyclical,False,False,False,False,True,False,True,False,False,False,False,True,False,False,True
3083.T,2023-02-28,Consumer Cyclical,False,False,False,False,False,False,True,True,False,False,False,False,False,False,False
3086.T,2023-02-28,Consumer Cyclical,True,False,False,False,True,True,False,True,True,True,False,True,False,False,True
3087.T,2023-02-28,Consumer Cyclical,True,False,False,False,True,False,False,True,True,True,False,True,False,False,True
3088.T,2023-03-31,Healthcare,True,False,False,True,True,False,False,True,True,True,True,True,True,False,True
3091.T,2022-12-31,Consumer Cyclical,False,False,False,False,True,False,False,True,False,False,False,True,False,False,True
3092.T,2023-03-31,Consumer Cyclical,False,True,True,True,True,True,False,True,False,False,True,True,True,True,False
3093.T,2023-02-28,Consumer Cyclical,True,False,True,True,True,False,False,True,False,True,True,True,False,False,True
3094.T,2023-02-28,Consumer Defensive,True,False,False,False,False,False,True,True,False,True,True,False,False,False,True
3096.T,2023-03-31,Consumer Defensive,False,False,False,False,True,False,False,True,False,False,False,True,True,True,True
3097.T,2023-06-30,Consumer Cyclical,True,True,True,True,True,False,False,True,False,True,False,True,True,True,True
3099.T,2023-03-31,Consumer Cyclical,True,False,False,False,True,False,False,True,False,True,True,True,False,False,True
3101.T,2023-03-31,Basic Materials,False,False,False,False,True,False,True,True,True,False,True,True,False,False,True
3103.T,2023-03-31,Basic Materials,False,False,False,False,True,False,True,False,True,False,False,True,False,False,False
3104.T,2023-03-31,Consumer Cyclical,False,False,False,True,True,False,True,True,True,False,False,True,True,False,True
3105.T,2022-12-31,Industrials,False,False,False,False,True,False,True,True,True,False,True,True,False,False,True
3106.T,2023-03-31,Industrials,False,False,False,False,True,False,True,True,True,False,False,True,True,False,False
3107.T,2023-03-31,Technology,False,False,True,False,True,False,True,True,False,True,True,True,True,False,True
3109.T,2023-03-31,Consumer Cyclical,True,False,False,False,True,False,True,True,True,True,False,True,True,False,True
3110.T,2023-03-31,Consumer Cyclical,False,False,False,False,True,False,False,True,True,False,True,True,True,False,True
3111.T,2023-03-31,Consumer Cyclical,True,False,False,False,False,False,True,False,True,False,False,False,False,False,False
3113.T,2023-03-31,Financial Services,False,False,False,False,False,False,True,True,False,True,False,False,False,False,True
3116.T,2023-03-31,Consumer Cyclical,False,False,False,False,True,False,False,True,True,False,True,True,True,False,True
3121.T,2023-03-31,Financial Services,False,False,False,False,True,True,True,True,False,False,True,True,False,False,True
3123.T,2023-03-31,Consumer Cyclical,True,False,False,False,True,True,True,True,True,True,True,True,False,False,True
3131.T,2023-03-31,Technology,False,True,True,True,True,True,True,True,True,True,False,True,True,False,False
3132.T,2023-03-31,Technology,True,True,True,True,True,False,True,True,False,True,True,True,True,True,True
3133.T,2023-03-31,Consumer Cyclical,True,False,False,False,False,False,True,False,False,False,False,True,False,False,False
3134.T,2023-04-30,Consumer Cyclical,False,False,True,True,True,False,False,True,False,False,False,True,True,True,True
3135.T,2023-06-30,Consumer Cyclical,False,False,True,True,True,False,False,True,False,True,True,True,False,False,False
3137.T,2023-03-31,Communication Services,False,False,False,False,True,False,True,False,False,True,False,True,False,False,False
3138.T,2022-12-31,Consumer Cyclical,False,False,True,True,True,False,True,True,False,False,True,True,True,True,False
3140.T,2023-06-30,Consumer Cyclical,False,True,True,True,False,False,False,True,False,True,True,False,True,False,True
3141.T,2023-02-28,Healthcare,False,False,True,True,True,False,False,True,False,False,True,True,True,True,False
3143.T,2023-03-31,Consumer Defensive,False,False,True,True,True,False,True,True,True,False,True,True,True,False,True
3148.T,2023-05-31,Healthcare,False,True,True,True,True,False,False,True,False,False,False,True,True,True,False
3150.T,2023-03-31,Technology,True,False,True,True,True,False,False,True,False,False,True,True,True,True,True
3151.T,2023-03-31,Healthcare,False,False,False,False,False,False,True,True,True,True,False,False,True,False,True
3153.T,2023-03-31,Industrials,False,False,False,False,True,False,True,True,False,True,True,True,True,False,True
3154.T,2023-06-30,Healthcare,False,False,False,False,True,False,True,False,True,False,True,True,True,False,False
3156.T,2023-03-31,Technology,True,False,False,False,False,False,True,True,True,True,False,True,True,False,True
3157.T,2023-03-31,Basic Materials,False,True,True,False,True,False,True,False,True,True,True,True,True,False,False
3159.T,2023-01-31,Consumer Cyclical,False,False,False,False,True,False,False,True,True,False,True,True,True,False,True
3160.T,2023-05-31,Consumer Defensive,True,False,False,False,True,False,False,False,False,True,True,True,False,False,True
3161.T,2023-04-30,Consumer Cyclical,True,False,False,False,True,False,True,True,True,True,True,True,True,False,True
3166.T,2023-03-31,Consumer Cyclical,False,False,True,False,True,False,True,True,True,False,True,True,True,False,True
3167.T,2023-03-31,Industrials,False,False,False,False,True,False,False,True,False,False,False,True,True,True,True
3168.T,2023-08-31,Basic Materials,False,False,False,False,True,False,False,True,True,False,True,True,True,False,False
3169.T,2023-01-31,Consumer Cyclical,False,False,True,True,True,False,True,True,False,False,False,True,True,False,True
3172.T,2023-07-31,Consumer Cyclical,False,False,False,True,True,False,True,True,True,False,True,True,True,True,False
3173.T,2023-03-31,Industrials,False,False,True,False,True,False,True,True,True,False,False,True,True,False,True
3174.T,2023-08-31,Consumer Cyclical,False,False,False,False,False,False,False,False,False,False,True,True,False,False,True
3175.T,2023-03-31,Consumer Cyclical,False,False,False,False,True,False,True,False,False,False,True,True,False,False,True
3177.T,2023-02-28,Consumer Cyclical,False,True,True,True,True,False,True,True,False,True,False,True,True,True,True
3178.T,2023-03-31,Consumer Cyclical,False,False,False,False,True,False,True,False,False,False,False,True,False,False,True
3179.T,2023-03-31,Consumer Cyclical,False,False,True,True,True,False,True,True,False,False,True,True,True,False,True
3180.T,2023-04-30,Consumer Defensive,False,True,True,True,True,False,False,True,False,True,True,True,True,True,True
3181.T,2023-02-28,Consumer Cyclical,True,True,True,True,True,False,False,True,False,True,True,True,True,True,True
3182.T,2023-03-31,Consumer Defensive,False,False,False,False,True,False,False,True,False,False,True,True,True,True,False
3183.T,2023-03-31,Healthcare,False,False,False,False,True,False,True,True,False,True,True,False,True,False,True
3184.T,2023-03-31,Consumer Cyclical,False,False,True,True,True,False,True,True,True,False,True,True,True,False,True
3185.T,2023-03-31,Consumer Cyclical,True,False,False,False,False,False,True,False,False,False,False,False,False,False,False
3189.T,2023-08-31,Consumer Cyclical,True,False,True,False,False,False,False,False,True,True,False,False,False,False,True
3190.T,2023-03-31,Consumer Cyclical,False,False,False,False,True,False,False,True,True,False,False,True,True,False,True
3191.T,2023-06-30,Consumer Cyclical,False,False,False,True,True,False,True,True,True,False,False,True,True,False,True
3192.T,2023-02-28,Consumer Cyclical,False,False,False,False,False,False,False,True,True,True,True,False,False,True,True
3193.T,2023-07-31,Consumer Cyclical,False,False,False,False,True,False,False,True,False,False,False,True,False,False,True
3196.T,2022-12-31,Consumer Cyclical,False,False,True,True,True,False,False,True,False,False,True,True,False,False,True
3197.T,2022-12-31,Consumer Cyclical,False,False,False,False,True,False,True,True,False,False,False,True,False,False,True
3198.T,2023-02-28,Consumer Cyclical,True,False,False,False,True,True,False,True,False,False,True,True,False,False,True
3199.T,2023-03-31,Consumer Cyclical,False,False,False,False,False,False,False,False,False,False,False,True,True,False,False
3202.T,2023-03-31,Consumer Cyclical,True,False,False,False,True,False,False,False,True,True,False,True,True,False,True
3204.T,2022-12-31,Industrials,False,True,False,False,True,False,True,True,True,True,False,True,True,False,True
3205.T,2023-03-31,Consumer Cyclical,False,False,True,True,True,False,True,True,True,True,True,False,False,False,False
3221.T,2023-03-31,Consumer Cyclical,True,False,True,True,True,False,False,True,False,False,True,True,False,False,True
3222.T,2023-02-28,Consumer Cyclical,False,False,False,False,True,False,False,True,True,False,False,True,True,False,True
3223.T,2023-02-28,Consumer Cyclical,False,False,False,False,False,False,True,False,False,False,False,False,False,False,True
3224.T,2023-03-31,Consumer Cyclical,False,False,True,True,True,False,False,True,False,False,True,True,False,False,True
3231.T,2023-03-31,Real Estate,False,False,False,False,False,False,True,True,True,True,False,True,True,False,True
3232.T,2023-03-31,Industrials,True,False,False,False,True,False,True,True,False,True,True,True,False,False,True
3234.T,2023-07-31,Real Estate,False,True,False,False,True,True,False,True,False,True,True,True,True,True,False
3236.T,2023-05-31,Real Estate,True,True,True,True,True,False,True,False,True,True,True,True,True,False,True
3237.T,2023-03-31,Real Estate,False,False,False,False,False,False,True,True,False,False,False,False,False,False,False
3238.T,2023-03-31,Real Estate,False,False,False,False,True,False,True,True,True,True,True,True,True,True,False
3241.T,2022-12-31,Real Estate,False,True,True,False,False,False,True,True,True,False,False,True,True,True,True
3242.T,2023-06-30,Real Estate,False,False,False,False,False,False,True,True,True,True,True,False,True,False,True
3246.T,2023-01-31,Real Estate,True,True,True,True,True,True,True,True,True,True,False,True,True,False,True
3261.T,2022-12-31,Real Estate,False,False,False,False,True,True,False,True,True,False,True,True,True,False,False
3271.T,2023-06-30,Real Estate,True,True,True,True,True,True,True,False,False,True,True,True,False,False,True
3275.T,2023-03-31,Real Estate,False,False,False,False,True,False,False,True,False,False,True,True,True,False,False
3276.T,2022-12-31,Real Estate,True,False,True,True,True,False,True,True,False,True,True,True,True,True,True
3277.T,2022-12-31,Real Estate,True,False,False,False,False,False,True,True,True,True,False,False,True,False,True
3280.T,2023-02-28,Real Estate,True,False,True,False,False,False,True,False,True,True,True,False,True,False,True
3284.T,2023-03-31,Consumer Cyclical,True,True,True,False,False,False,True,False,True,True,False,False,True,False,True
3286.T,2023-06-30,Industrials,True,True,True,False,True,False,True,False,False,True,True,True,True,False,True
3289.T,2023-03-31,Real Estate,False,False,False,False,True,False,True,False,True,True,True,True,True,False,True
3291.T,2023-03-31,Consumer Cyclical,False,False,False,False,False,False,True,True,True,False,False,False,True,False,True
3293.T,2023-03-31,Real Estate,False,False,False,False,True,False,True,True,True,False,False,True,True,False,True
3294.T,2023-03-31,Real Estate,False,True,True,True,False,False,True,True,True,False,False,True,True,False,True
3297.T,2023-05-31,Real Estate,False,False,False,True,True,False,True,True,True,False,False,True,True,False,True
3299.T,2022-12-31,Real Estate,False,False,False,False,False,False,True,True,True,True,True,False,True,False,True
3300.T,2023-06-30,Real Estate,False,True,True,False,True,False,True,False,False,False,True,True,True,True,False
3302.T,2022-12-31,Industrials,False,False,False,True,True,True,True,True,True,False,True,True,True,False,True
3306.T,2023-03-31,Industrials,True,False,False,False,True,False,False,True,False,True,True,True,False,False,True
3315.T,2023-03-31,Basic Materials,False,False,False,False,False,False,True,True,True,False,True,False,False,False,True
3317.T,2023-03-31,Consumer Cyclical,False,False,True,True,True,False,True,True,False,False,True,True,True,False,True
3319.T,2022-12-31,Consumer Cyclical,False,False,True,False,True,False,False,False,False,True,False,True,True,False,False
3320.T,2023-01-31,Consumer Cyclical,False,False,False,False,True,False,True,True,True,True,True,True,False,False,True
3321.T,2023-05-31,Technology,False,True,True,True,True,False,True,True,True,True,True,True,True,True,False
3322.T,2023-03-31,Technology,False,False,False,False,True,False,False,True,False,False,False,True,True,False,False
3329.T,2023-04-30,Consumer Cyclical,False,False,False,True,True,False,False,True,False,False,False,True,False,False,True
3333.T,2023-02-28,Consumer Cyclical,False,False,False,True,True,False,True,True,True,False,False,True,True,True,False
3341.T,2023-03-31,Healthcare,False,False,False,False,True,False,True,True,True,True,False,True,True,True,True
3347.T,2023-03-31,Consumer Cyclical,True,False,False,False,True,False,True,True,True,True,False,True,True,False,False
3349.T,2023-05-31,Healthcare,False,False,True,True,True,False,False,True,False,False,True,True,True,True,False
3350.T,2022-12-31,Consumer Cyclical,False,False,True,True,False,False,True,False,False,False,False,False,False,False,False
3352.T,2023-03-31,Consumer Cyclical,False,False,False,False,True,False,True,True,True,False,True,True,True,True,True
3353.T,2023-02-28,Industrials,False,False,False,False,True,False,True,True,True,False,False,True,True,False,False
3355.T,2022-12-31,Basic Materials,False,False,True,True,False,False,True,True,True,False,True,False,True,False,True
3358.T,2023-03-31,Consumer Cyclical,False,False,False,False,True,False,False,True,False,True,True,False,False,False,False
3360.T,2023-03-31,Healthcare,False,False,False,False,True,False,False,True,False,False,True,True,True,True,False
3361.T,2023-04-30,Utilities,True,False,False,True,True,False,True,True,True,True,True,True,True,False,False
3370.T,2023-03-31,Consumer Cyclical,False,False,False,False,True,False,True,False,False,True,True,False,False,False,False
3371.T,2023-03-31,Technology,False,True,True,True,True,False,False,True,False,True,True,True,True,False,True
3372.T,2023-03-31,Consumer Cyclical,True,False,True,False,True,True,False,False,False,True,True,True,False,False,True
3374.T,2023-03-31,Industrials,False,True,True,True,True,False,True,True,True,False,True,True,True,True,False
3375.T,2023-03-31,Technology,False,True,True,True,False,False,True,True,True,True,False,True,True,True,True
3382.T,2023-02-28,Consumer Defensive,True,False,False,False,True,False,False,True,False,True,True,True,True,False,True
3386.T,2022-12-31,Healthcare,False,False,False,True,True,False,True,True,True,False,False,True,True,True,False
3387.T,2023-02-28,Consumer Cyclical,False,False,False,False,True,True,False,False,False,False,True,True,False,False,False
3388.T,2023-03-31,Technology,False,False,False,False,False,False,True,True,True,True,False,False,True,False,True
3391.T,2023-05-31,Healthcare,False,False,False,False,True,False,False,True,False,True,False,True,True,False,False
3392.T,2023-03-31,Consumer Defensive,False,False,False,False,True,False,True,True,False,True,True,True,False,False,True
3393.T,2023-03-31,Technology,True,False,True,True,True,False,True,True,False,False,True,True,False,True,False
3395.T,2023-03-31,Consumer Cyclical,False,False,False,False,True,False,False,True,False,True,True,True,False,False,False
3396.T,2023-02-28,Consumer Cyclical,False,False,False,False,True,False,True,True,True,False,False,True,True,False,True
3397.T,2023-03-31,Consumer Cyclical,False,False,False,False,True,True,False,False,False,False,True,True,False,False,True
3399.T,2023-01-31,Consumer Cyclical,False,False,True,False,True,False,False,False,False,False,True,True,True,True,True
3401.T,2023-03-31,Industrials,False,False,False,False,True,False,True,True,True,False,True,True,False,False,True
3402.T,2023-03-31,Consumer Cyclical,False,False,False,False,True,False,False,True,True,False,False,True,True,False,True
3405.T,2022-12-31,Basic Materials,True,True,False,False,True,False,True,True,True,True,False,True,False,False,True
3407.T,2023-03-31,Basic Materials,False,False,False,False,True,False,True,True,True,False,True,True,False,False,False
3409.T,2023-03-31,Consumer Cyclical,True,False,False,False,False,False,True,True,False,False,False,True,False,True,True
3416.T,2022-12-31,Consumer Cyclical,False,False,True,True,True,False,True,True,False,False,False,True,False,False,True
3417.T,2023-03-31,Healthcare,True,False,False,False,True,False,True,False,True,True,True,True,True,False,True
3418.T,2023-07-31,Consumer Cyclical,True,False,True,True,True,False,False,True,False,True,False,True,False,False,False
3420.T,2023-03-31,Industrials,False,False,False,False,True,True,True,True,True,False,True,True,True,False,False
3421.T,2023-07-31,Consumer Cyclical,False,False,False,False,True,False,True,True,True,True,True,True,True,True,False
3422.T,2023-03-31,Consumer Cyclical,False,False,False,False,True,False,True,True,True,False,False,True,True,False,True
3423.T,2023-03-31,Industrials,False,False,False,False,False,False,True,True,True,False,False,True,True,False,False
3426.T,2023-06-30,Industrials,False,False,False,False,True,False,True,True,True,False,False,True,True,False,True
3431.T,2023-03-31,Industrials,False,False,False,False,True,False,True,True,True,False,False,True,True,False,True
3433.T,2023-03-31,Industrials,False,True,True,True,True,True,True,True,False,False,True,True,True,True,True
3434.T,2023-03-31,Consumer Cyclical,False,False,False,False,True,False,False,True,True,False,True,True,False,False,True
3435.T,2023-03-31,Industrials,True,True,False,True,True,False,True,True,True,True,False,True,True,False,True
3436.T,2022-12-31,Technology,True,False,True,True,True,True,True,True,False,True,True,True,True,False,False
3437.T,2023-03-31,Industrials,True,False,True,True,True,False,True,True,True,True,False,True,True,False,False
3439.T,2023-06-30,Consumer Cyclical,False,False,False,False,True,False,True,True,True,False,True,True,False,False,False
3440.T,2023-08-31,Industrials,True,False,True,True,True,False,False,True,True,True,True,True,True,False,False
3441.T,2023-07-31,Industrials,False,False,False,False,True,False,False,True,True,False,False,True,True,True,False
3443.T,2023-03-31,Industrials,False,False,False,False,False,False,True,True,True,False,True,False,True,False,True
3444.T,2023-04-30,Industrials,True,False,False,False,False,False,True,True,True,False,True,False,False,False,True
3445.T,2022-12-31,Technology,True,False,False,True,True,True,True,True,True,True,True,True,True,True,False
3447.T,2023-03-31,Industrials,False,False,False,False,True,False,True,True,True,False,False,True,True,False,True
3449.T,2022-12-31,Industrials,True,False,True,True,True,False,True,True,False,True,True,True,True,False,True
3451.T,2022-10-31,Real Estate,False,False,False,False,True,False,False,True,False,False,False,True,True,True,False
3452.T,2022-12-31,Real Estate,True,False,True,False,False,False,True,False,True,True,False,False,True,False,True
3457.T,2023-06-30,Real Estate,False,True,True,False,False,False,True,False,False,True,False,False,True,True,False
3458.T,2023-07-31,Real Estate,False,False,True,False,False,False,True,False,False,False,False,False,True,False,False
3465.T,2023-03-31,Real Estate,False,False,True,True,False,False,True,False,False,False,True,False,True,True,True
3466.T,2023-08-31,Real Estate,False,False,False,False,True,False,False,True,False,False,False,True,True,True,True
3467.T,2023-03-31,Real Estate,False,False,True,True,False,False,True,False,False,False,False,False,True,True,False
3469.T,2023-06-30,Real Estate,True,False,False,False,True,True,True,True,True,True,True,True,True,False,False
3470.T,2022-12-31,Real Estate,True,True,False,False,True,False,False,True,False,False,True,True,True,True,True
3474.T,2022-12-31,Real Estate,False,False,True,True,True,False,True,True,False,False,False,True,False,False,False
3477.T,2023-03-31,Consumer Cyclical,False,False,False,False,True,False,True,True,True,False,True,True,True,True,False
3479.T,2023-02-28,Real Estate,True,False,False,False,True,False,True,True,False,False,True,False,False,False,True
3482.T,2022-12-31,Real Estate,True,True,True,True,False,False,True,False,False,True,True,False,True,True,False
3484.T,2023-03-31,Real Estate,True,True,True,True,True,False,False,False,False,True,True,True,True,True,True
3486.T,2022-12-31,Real Estate,False,False,True,False,False,False,True,False,False,False,True,False,True,True,False
3487.T,2022-12-31,Real Estate,True,True,False,False,True,True,False,True,False,True,True,True,True,True,True
3489.T,2023-03-31,Real Estate,True,True,True,True,False,False,True,True,False,True,False,False,True,False,True
3490.T,2023-02-28,Real Estate,False,False,True,True,False,False,True,False,False,True,True,False,False,False,False
3497.T,2023-07-31,Real Estate,False,False,True,True,True,False,True,False,False,True,True,True,False,False,False
3498.T,2023-08-31,Industrials,True,True,True,False,False,False,False,False,False,True,True,False,True,True,False
3501.T,2023-05-31,Consumer Cyclical,False,False,False,False,True,False,False,True,True,True,False,True,True,False,False
3512.T,2023-03-31,Industrials,True,False,False,False,True,False,True,True,True,True,True,True,True,False,False
3513.T,2023-03-31,Basic Materials,True,True,False,False,True,True,True,True,True,True,True,True,True,False,True
3521.T,2023-03-31,Real Estate,False,False,False,False,False,False,False,True,False,True,False,True,False,False,False
3524.T,2023-04-30,Consumer Cyclical,False,False,False,False,True,False,False,False,True,False,False,True,True,False,True
3526.T,2023-03-31,Consumer Cyclical,True,False,False,False,True,False,True,True,True,True,True,True,False,False,True
3529.T,2023-03-31,Consumer Cyclical,False,True,False,False,False,False,True,True,True,True,False,False,False,False,False
3536.T,2023-08-31,Consumer Defensive,False,False,False,False,True,False,False,False,False,False,False,True,True,False,False
3537.T,2023-03-31,Basic Materials,False,False,False,False,True,False,True,True,True,False,True,True,True,False,True
3538.T,2023-06-30,Consumer Cyclical,False,False,True,True,False,False,True,True,False,False,False,False,True,False,True
3539.T,2023-07-31,Consumer Defensive,False,True,True,True,True,False,True,True,False,False,True,True,True,True,True
3540.T,2022-12-31,Consumer Defensive,False,False,True,True,True,False,False,True,False,False,False,True,True,True,False
3541.T,2023-08-31,Consumer Defensive,False,False,False,False,True,False,False,True,False,True,True,True,False,True,False
3542.T,2023-03-31,Consumer Cyclical,False,False,False,False,True,True,False,True,False,False,True,True,True,False,True
3543.T,2023-02-28,Consumer Cyclical,False,False,True,True,True,True,False,True,False,True,True,True,True,False,True
3544.T,2023-05-31,Healthcare,False,False,False,False,False,False,False,False,False,False,False,True,True,False,True
3546.T,2023-02-28,Consumer Cyclical,False,False,False,False,True,False,True,True,False,False,False,True,True,False,False
3548.T,2023-02-28,Consumer Cyclical,False,False,False,False,True,False,False,True,False,False,False,True,True,False,True
3549.T,2023-05-31,Healthcare,True,False,True,False,True,False,True,True,True,True,True,True,True,True,True
3550.T,2023-02-28,Consumer Cyclical,True,False,False,False,False,False,True,True,False,False,False,False,False,False,True
3551.T,2023-03-31,Industrials,False,False,False,False,True,False,True,True,True,False,True,True,True,False,True
3553.T,2023-03-31,Basic Materials,False,False,False,False,True,False,False,True,True,False,True,True,True,False,True
3557.T,2023-02-28,Consumer Cyclical,True,False,True,False,False,False,True,False,True,True,False,False,False,False,True
3558.T,2023-02-28,Consumer Cyclical,True,False,True,True,True,True,True,True,False,True,True,True,False,False,True
3559.T,2023-03-31,Technology,False,False,False,True,True,False,False,True,False,False,False,True,True,False,False
3560.T,2023-08-31,Consumer Cyclical,True,True,False,True,True,False,False,True,False,True,False,True,True,True,False
3561.T,2023-03-31,Consumer Cyclical,True,False,True,True,True,False,False,True,False,False,True,True,False,False,True
3562.T,2023-02-28,Industrials,True,True,True,True,True,False,True,True,False,True,True,True,True,False,True
3565.T,2023-01-31,Technology,False,False,True,True,True,False,True,True,False,False,True,True,True,False,True
3566.T,2022-12-31,Consumer Cyclical,True,False,True,True,True,False,False,True,False,True,True,True,True,True,True
3569.T,2023-03-31,Consumer Cyclical,True,False,True,True,True,False,True,True,False,True,False,True,True,False,True
3571.T,2023-03-31,Consumer Cyclical,False,False,False,False,False,False,True,True,False,True,False,False,False,False,False
3577.T,2023-03-31,Consumer Cyclical,False,False,False,False,True,False,True,True,True,False,True,True,False,False,False
3580.T,2023-03-31,Consumer Cyclical,False,False,False,False,True,False,False,True,True,False,False,True,True,False,True
3583.T,2023-03-31,Consumer Cyclical,False,False,False,True,True,False,True,True,True,False,False,True,True,False,False
3591.T,2023-03-31,Consumer Cyclical,False,False,False,False,True,False,True,True,True,False,False,True,False,False,True
3593.T,2023-03-31,Healthcare,False,False,False,False,True,True,False,True,False,False,True,True,True,False,False
3597.T,2023-06-30,Consumer Cyclical,False,False,False,True,True,False,True,True,True,False,False,True,True,False,True
3598.T,2023-03-31,Consumer Cyclical,False,False,True,False,True,False,True,True,True,True,True,False,False,False,True
3600.T,2023-03-31,Consumer Cyclical,False,False,False,False,True,False,True,True,True,False,False,True,False,False,True
3604.T,2023-03-31,Healthcare,False,False,True,False,True,False,True,True,True,False,True,True,True,False,False
3607.T,2023-08-31,Consumer Cyclical,False,False,True,False,True,False,True,True,False,False,False,True,False,False,False
3608.T,2023-02-28,Consumer Cyclical,True,False,False,False,True,False,False,True,True,True,False,True,True,False,True
3611.T,2023-03-31,Consumer Cyclical,True,False,False,False,False,False,True,True,True,True,False,True,True,False,True
3612.T,2023-03-31,Consumer Cyclical,True,False,False,False,True,True,True,True,True,True,False,True,False,False,True
3622.T,2023-03-31,Communication Services,False,False,False,True,True,False,False,True,False,False,True,True,False,False,True
3623.T,2022-12-31,Technology,True,True,True,False,False,False,False,False,False,True,False,False,False,True,False
3625.T,2023-06-30,Technology,False,False,False,False,True,False,True,True,False,True,True,True,False,False,False
3626.T,2023-03-31,Technology,True,False,True,True,True,False,False,True,False,True,False,True,True,True,False
3627.T,2023-02-28,Technology,False,False,False,False,False,False,False,True,True,False,False,False,True,False,True
3628.T,2023-06-30,Healthcare,True,False,False,False,False,False,True,True,False,True,True,True,False,False,False
3632.T,2023-06-30,Communication Services,False,False,True,True,True,False,True,True,False,False,True,True,True,False,False
3633.T,2022-12-31,Technology,False,False,True,False,False,False,False,False,False,False,False,True,True,False,False
3634.T,2023-03-31,Technology,False,False,False,False,False,False,True,True,False,True,False,False,False,False,False
3635.T,2023-03-31,Communication Services,False,False,True,True,True,True,False,True,False,False,False,True,True,True,False
3639.T,2023-06-30,Communication Services,False,False,False,False,True,False,True,True,True,True,False,True,False,False,False
3640.T,2023-03-31,Technology,True,True,True,True,True,False,True,True,False,True,False,True,True,True,False
3641.T,2023-03-31,Communication Services,False,False,False,False,False,False,True,True,False,False,False,False,True,False,False
3645.T,2023-05-31,Communication Services,False,False,False,False,True,False,False,True,False,False,True,True,True,True,False
3646.T,2023-03-31,Communication Services,False,False,False,False,True,False,False,True,False,True,False,True,True,False,False
3647.T,2023-08-31,Technology,False,False,False,False,False,False,False,True,False,False,False,False,False,False,False
3648.T,2023-03-31,Technology,False,True,False,False,True,False,False,True,True,True,True,True,True,False,False
3649.T,2022-12-31,Healthcare,False,False,True,True,True,False,False,True,False,False,True,True,True,False,True
3652.T,2023-03-31,Technology,False,False,False,False,False,False,False,True,False,True,True,False,False,False,True
3655.T,2023-06-30,Technology,False,False,True,True,True,False,False,True,False,False,False,True,True,True,False
3656.T,2022-12-31,Communication Services,False,False,False,False,False,False,True,True,False,True,True,True,False,False,True
3657.T,2023-01-31,Technology,False,False,False,False,True,False,False,True,False,False,True,True,True,True,False
3659.T,2022-12-31,Communication Services,False,False,True,True,True,True,False,True,False,False,True,True,True,False,False
3660.T,2023-06-30,Consumer Cyclical,False,False,False,False,True,False,False,True,False,True,True,True,False,True,False
3661.T,2023-03-31,Communication Services,False,True,True,True,True,False,False,True,False,False,True,True,True,True,False
3662.T,2023-07-31,Communication Services,False,False,False,False,True,False,False,True,False,True,True,True,False,False,False
3663.T,2022-12-31,Technology,False,False,True,True,True,False,False,True,False,False,True,True,False,True,True
3664.T,2022-12-31,Communication Services,False,False,False,False,False,False,True,False,False,True,True,False,False,False,False
3665.T,2023-01-31,Technology,False,False,False,True,False,False,False,True,False,False,False,True,True,False,False
3666.T,2023-03-31,Technology,True,False,True,True,True,False,True,True,False,True,True,True,True,True,True
3667.T,2022-12-31,Communication Services,True,False,False,False,False,False,True,True,False,True,True,False,False,False,True
3671.T,2022-12-31,Healthcare,False,False,True,True,True,False,True,True,False,False,True,True,True,False,False
3673.T,2022-12-31,Technology,False,False,False,False,True,False,True,True,False,False,False,True,False,False,False
3675.T,2023-06-30,Communication Services,False,False,True,True,True,False,False,True,False,False,True,True,False,False,False
3676.T,2023-03-31,Technology,False,False,False,False,True,False,False,True,False,False,True,True,True,True,False
3678.T,2023-02-28,Communication Services,False,False,False,False,True,False,False,True,False,False,False,True,True,False,True
3679.T,2023-03-31,Communication Services,True,False,True,True,True,True,False,True,False,True,True,True,False,False,False
3680.T,2022-12-31,Technology,True,True,True,True,True,False,True,True,False,True,True,True,False,True,False
3681.T,2022-12-31,Technology,False,False,False,False,True,False,False,True,False,False,False,True,True,True,False
3682.T,2023-03-31,Technology,False,False,False,False,True,False,False,True,False,False,False,True,True,False,False
3683.T,2022-12-31,Technology,False,True,True,True,True,False,True,True,False,True,False,True,True,False,False
3692.T,2023-03-31,Technology,True,False,True,True,True,True,False,True,False,True,True,True,True,True,True
3694.T,2023-03-31,Technology,False,False,True,True,True,False,False,True,False,False,True,True,True,True,False
3695.T,2022-12-31,Technology,True,True,True,True,True,False,True,True,False,True,False,True,True,True,True
3696.T,2022-12-31,Industrials,False,False,False,False,True,False,False,True,False,False,False,True,True,False,True
3697.T,2023-08-31,Technology,True,True,True,True,True,True,False,True,False,True,True,True,True,True,True
3708.T,2023-03-31,Basic Materials,False,False,False,False,True,False,True,True,True,False,False,True,True,False,True
3719.T,2022-12-31,Industrials,False,False,False,False,True,False,False,True,False,True,False,True,False,False,True
3727.T,2022-12-31,Technology,False,False,False,False,True,False,False,True,False,True,True,True,False,False,True
3738.T,2023-03-31,Communication Services,False,False,True,False,True,False,True,True,False,False,False,True,True,False,False
3741.T,2023-03-31,Technology,False,True,True,True,True,False,False,True,False,True,False,True,True,True,False
3744.T,2022-12-31,Technology,False,False,False,False,False,False,True,False,False,False,False,False,False,False,False
3750.T,2023-03-31,Healthcare,True,False,False,False,False,False,True,False,False,False,False,True,False,False,False
3753.T,2023-03-31,Technology,False,False,False,False,True,False,False,True,False,False,True,True,False,False,False
3758.T,2022-12-31,Communication Services,False,False,False,False,False,False,False,True,True,False,False,False,False,False,False
3760.T,2023-05-31,Communication Services,False,False,True,True,True,True,True,True,False,True,True,True,False,False,False
3762.T,2023-03-31,Technology,True,True,True,False,True,True,False,True,False,True,True,True,True,True,False
3763.T,2023-03-31,Technology,False,False,True,True,True,True,True,True,False,True,False,True,True,False,False
3765.T,2022-12-31,Communication Services,False,False,True,True,True,True,True,True,True,False,True,True,True,False,True
3766.T,2023-03-31,Technology,True,True,False,True,True,False,True,True,True,True,True,True,False,False,False
3768.T,2023-03-31,Industrials,False,False,False,True,True,False,True,True,True,False,False,True,True,False,False
3770.T,2023-04-30,Communication Services,True,False,False,False,False,False,True,True,True,False,False,False,False,False,True
3771.T,2023-03-31,Technology,False,False,True,True,True,False,True,True,False,False,True,True,True,False,True
3772.T,2023-03-31,Financial Services,False,False,True,True,False,False,True,True,False,False,True,False,False,False,False
3773.T,2023-03-31,Technology,True,False,False,True,True,True,False,True,False,True,False,True,True,False,False
3774.T,2023-03-31,Communication Services,False,True,True,True,True,False,False,True,False,True,False,True,True,True,False
3776.T,2022-12-31,Communication Services,True,False,False,False,True,False,True,True,True,False,True,True,False,False,False
3777.T,2022-12-31,Technology,False,False,False,False,False,False,True,True,False,False,True,False,False,False,True
3778.T,2023-03-31,Technology,True,False,False,False,True,True,False,True,False,True,False,True,True,False,True
3779.T,2023-03-31,Consumer Cyclical,True,False,False,False,False,False,False,False,False,True,True,False,False,False,True
3784.T,2022-12-31,Technology,False,True,True,True,True,False,True,True,False,True,True,True,True,False,True
3787.T,2023-03-31,Technology,False,False,False,False,True,True,True,True,True,True,True,True,False,False,False
3788.T,2022-12-31,Technology,True,False,True,True,True,False,False,True,False,True,True,True,True,True,False
3791.T,2023-05-31,Communication Services,True,False,True,True,True,False,False,True,False,True,True,True,False,False,True
3793.T,2023-03-31,Communication Services,True,False,True,True,True,False,False,True,False,True,True,True,True,False,False
3796.T,2023-03-31,Technology,True,False,False,True,True,False,False,True,False,True,True,True,True,True,True
3798.T,2023-03-31,Technology,False,True,True,True,True,False,True,True,False,True,True,True,True,True,True
3799.T,2023-03-31,Technology,False,False,False,False,True,False,True,True,True,False,True,True,True,False,True
3800.T,2023-03-31,Technology,True,False,False,False,True,True,False,True,False,True,True,True,True,False,True
3802.T,2023-03-31,Industrials,True,True,True,True,True,False,True,True,False,True,True,True,True,True,True
3803.T,2023-03-31,Technology,True,False,True,True,False,False,False,True,False,True,False,False,False,False,False
3807.T,2022-12-31,Financial Services,False,False,False,False,True,True,True,True,False,False,False,True,False,False,False
3810.T,2023-05-31,Communication Services,False,False,False,False,False,False,True,True,False,True,True,False,False,False,False
3815.T,2023-08-31,Communication Services,False,False,False,False,True,False,False,True,False,False,False,True,False,False,False
3816.T,2023-07-31,Technology,False,False,False,True,True,True,True,True,True,False,True,True,True,False,True
3817.T,2023-03-31,Technology,False,False,False,False,True,True,False,True,False,False,True,True,False,False,True
3823.T,2023-08-31,Technology,False,True,False,False,False,False,False,True,False,False,False,False,False,False,False
3825.T,2023-03-31,Utilities,False,False,True,True,False,False,True,True,False,False,True,False,False,True,False
3826.T,2023-02-28,Technology,False,False,False,True,True,True,False,True,False,False,True,True,True,False,False
3834.T,2023-03-31,Communication Services,False,False,True,True,True,False,True,True,False,False,False,True,True,True,True
3835.T,2023-03-31,Technology,False,False,True,True,True,True,False,True,False,True,True,True,True,False,False
3836.T,2023-06-30,Technology,False,True,True,True,True,False,False,True,False,False,True,True,True,True,True
3837.T,2023-03-31,Technology,False,False,True,True,True,False,False,True,False,False,True,True,True,False,False
3839.T,2023-03-31,Technology,False,False,False,False,True,False,False,True,True,True,True,True,True,True,False
3840.T,2023-03-31,Industrials,False,False,False,False,False,False,True,True,False,True,False,False,False,False,True
3841.T,2023-03-31,Technology,True,True,False,True,True,True,True,True,False,True,True,True,True,False,True
3842.T,2023-03-31,Communication Services,False,False,False,False,True,False,True,True,False,False,False,True,False,False,True
3843.T,2023-04-30,Communication Services,True,False,True,False,True,False,False,True,False,True,True,True,False,False,False
3844.T,2023-03-31,Technology,False,True,True,True,True,False,False,True,False,False,False,True,True,False,True
3845.T,2023-03-31,Communication Services,False,False,True,True,True,False,False,True,False,False,True,True,False,False,False
3847.T,2023-03-31,Technology,False,False,False,False,True,False,True,True,True,False,False,True,True,False,True
3848.T,2023-03-31,Technology,False,False,False,False,True,True,False,True,False,False,False,True,True,False,True
3850.T,2023-03-31,Technology,False,False,False,True,True,False,False,True,False,False,False,True,True,False,True
3851.T,2023-03-31,Communication Services,False,False,False,True,True,False,True,True,True,False,False,True,True,False,False
3852.T,2022-12-31,Technology,False,False,True,True,False,False,True,True,False,True,True,False,True,False,True
3853.T,2023-03-31,Technology,False,False,False,False,True,False,True,True,False,False,False,True,False,True,True
3854.T,2023-07-31,Technology,True,True,True,True,True,True,False,True,False,True,True,True,True,False,False
3856.T,2023-06-30,Technology,True,True,True,False,True,False,False,False,False,True,True,True,True,True,False
3857.T,2023-03-31,Technology,False,False,False,False,True,False,True,True,False,False,False,True,False,False,True
3858.T,2023-03-31,Technology,True,False,False,False,False,False,True,True,False,False,False,True,False,False,True
3861.T,2023-03-31,Basic Materials,False,False,False,False,True,False,True,True,True,False,True,True,True,False,True
3863.T,2023-03-31,Basic Materials,False,False,False,False,True,False,True,False,True,False,True,True,False,False,True
3864.T,2023-03-31,Basic Materials,False,False,False,False,False,False,True,True,True,False,False,True,False,False,True
3865.T,2023-03-31,Basic Materials,False,False,False,False,True,False,False,True,True,False,False,True,True,False,False
3877.T,2023-03-31,Basic Materials,True,False,False,False,True,False,True,True,True,True,False,True,False,False,True
3878.T,2023-03-31,Basic Materials,False,False,False,False,True,False,True,True,True,False,False,True,False,False,True
3880.T,2023-03-31,Basic Materials,False,False,False,False,False,False,True,False,True,False,True,True,False,True,True
3891.T,2023-03-31,Technology,False,False,True,True,True,False,True,True,False,False,False,True,True,False,True
3892.T,2023-05-31,Basic Materials,False,False,False,False,True,False,True,True,True,False,False,True,True,False,True
3895.T,2023-03-31,Basic Materials,False,False,False,False,True,False,False,True,True,True,True,True,False,False,True
3896.T,2023-03-31,Basic Materials,False,False,False,False,True,False,False,True,True,False,False,True,False,False,False
3901.T,2022-12-31,Communication Services,True,True,True,True,True,True,False,True,False,True,True,True,True,True,False
3902.T,2022-12-31,Healthcare,False,False,True,True,True,True,False,True,False,False,False,True,True,True,False
3903.T,2023-04-30,Communication Services,False,False,False,False,False,False,False,True,False,True,True,True,False,False,False
3904.T,2022-12-31,Communication Services,False,False,True,True,True,False,False,True,False,False,True,True,False,True,True
3905.T,2023-03-31,Technology,False,False,False,False,True,False,True,True,False,False,False,True,False,True,True
3908.T,2023-03-31,Technology,False,False,False,False,True,False,False,True,True,True,False,True,True,False,True
3909.T,2022-12-31,Technology,False,False,False,False,False,False,True,True,False,False,False,False,False,True,False
3910.T,2023-03-31,Technology,True,False,False,True,True,False,False,True,False,True,True,True,True,True,False
3911.T,2022-12-31,Communication Services,False,False,False,True,False,False,False,True,False,False,False,False,False,True,True
3912.T,2022-12-31,Communication Services,False,False,True,True,True,True,True,True,False,False,True,True,True,False,False
3913.T,2022-12-31,Technology,False,False,False,False,True,True,True,True,False,False,True,True,False,False,False
3914.T,2022-12-31,Technology,False,False,True,True,True,True,False,True,False,True,True,True,True,True,False
3915.T,2023-02-28,Technology,False,False,False,False,True,False,False,True,False,True,True,True,True,True,True
3916.T,2023-06-30,Technology,False,True,True,True,True,False,False,True,False,False,True,True,True,True,False
3917.T,2023-03-31,Technology,False,False,False,False,True,False,False,True,False,False,True,True,False,False,True
3921.T,2023-01-31,Technology,False,False,True,True,True,True,False,True,False,False,True,True,True,True,True
3922.T,2023-02-28,Communication Services,False,False,True,True,True,False,False,True,False,False,True,True,True,True,False
3923.T,2023-03-31,Technology,True,False,True,True,True,False,False,True,False,True,True,True,True,True,True
3924.T,2023-03-31,Technology,True,False,True,True,True,False,True,True,False,True,True,True,True,False,True
3925.T,2023-03-31,Technology,True,True,True,True,True,True,False,True,False,True,True,True,True,False,True
3926.T,2023-03-31,Communication Services,False,False,False,False,False,False,True,True,False,True,False,True,False,False,False
3927.T,2023-03-31,Technology,False,False,False,False,True,False,False,True,False,True,True,False,False,True,True
3928.T,2022-12-31,Communication Services,False,False,False,False,False,False,True,False,False,False,False,True,False,False,False
3929.T,2023-03-31,Communication Services,False,False,False,False,True,False,True,False,False,False,True,True,False,True,True
3930.T,2023-07-31,Communication Services,False,False,False,False,True,False,False,True,False,False,False,True,True,True,False
3931.T,2023-01-31,Communication Services,False,False,False,False,True,False,False,True,False,False,False,True,False,False,True
3932.T,2023-03-31,Communication Services,False,False,False,False,True,True,False,True,True,False,True,True,True,False,False
3934.T,2023-03-31,Communication Services,False,False,False,True,True,False,True,True,False,False,False,True,True,True,True
3935.T,2023-02-28,Communication Services,True,True,True,True,True,False,False,True,False,True,False,True,False,True,False
3936.T,2023-03-31,Technology,False,False,False,False,False,False,True,True,False,False,False,False,False,False,False
3937.T,2023-03-31,Technology,False,False,True,True,True,True,False,True,False,False,True,True,True,True,False
3940.T,2022-12-31,Technology,False,False,False,True,True,True,False,True,False,False,True,True,True,False,True
3941.T,2023-03-31,Consumer Cyclical,False,False,False,False,True,False,True,True,True,False,True,True,True,False,True
3943.T,2023-03-31,Consumer Cyclical,False,False,False,False,True,False,True,True,True,False,False,True,True,False,True
3945.T,2023-03-31,Basic Materials,False,False,True,False,True,False,True,False,True,True,False,True,False,False,False
3946.T,2023-03-31,Consumer Cyclical,False,False,False,False,True,False,True,True,True,False,False,True,True,False,True
3947.T,2022-12-31,Consumer Cyclical,False,True,False,False,True,False,True,True,True,True,True,True,True,False,True
3948.T,2022-12-31,Industrials,True,True,True,True,True,True,True,True,True,True,True,True,True,False,True
3950.T,2022-12-31,Consumer Cyclical,True,False,False,False,True,False,True,True,True,True,True,True,True,False,True
3951.T,2023-03-31,Consumer Cyclical,False,False,False,False,True,False,True,True,True,False,False,True,True,False,False
3953.T,2023-03-31,Consumer Cyclical,False,False,False,False,True,False,False,True,True,False,False,True,True,False,True
3954.T,2023-03-31,Consumer Cyclical,False,False,False,False,True,False,True,True,True,False,True,True,True,False,True
3955.T,2023-01-31,Basic Materials,False,True,False,True,True,False,True,True,True,False,False,True,True,False,True
3961.T,2022-12-31,Communication Services,False,False,False,False,True,False,False,True,False,False,True,True,False,False,True
3963.T,2023-03-31,Industrials,True,False,True,True,True,True,False,True,False,True,True,True,False,False,True
3964.T,2022-12-31,Consumer Cyclical,False,True,True,True,True,False,True,True,False,True,True,True,True,True,False
3967.T,2023-02-28,Technology,False,False,False,False,True,True,False,True,False,False,True,True,False,True,True
3968.T,2022-12-31,Technology,True,False,True,True,True,False,True,True,False,True,True,True,True,True,True
3969.T,2023-03-31,Technology,False,True,True,True,True,True,False,True,False,False,True,True,True,True,False
3970.T,2023-03-31,Technology,False,False,False,False,True,False,False,True,False,False,True,True,True,True,False
3978.T,2023-06-30,Communication Services,True,True,True,True,True,False,True,True,True,True,True,True,False,False,False
3979.T,2023-03-31,Technology,False,False,False,False,True,False,True,True,False,True,False,True,False,True,False
3981.T,2022-12-31,Communication Services,True,False,True,False,True,True,True,True,False,True,True,True,True,True,True
3983.T,2022-12-31,Technology,False,True,True,True,True,True,False,True,False,False,True,True,True,True,True
3984.T,2023-06-30,Technology,True,True,True,True,True,True,False,True,False,True,True,True,True,True,False
3986.T,2023-06-30,Technology,False,False,False,True,True,True,False,True,False,True,True,True,True,True,False
3987.T,2023-08-31,Technology,False,False,False,False,False,False,False,True,False,False,True,False,False,True,False
3988.T,2023-07-31,Technology,True,True,True,True,True,False,True,True,False,True,True,True,True,True,True
3990.T,2023-05-31,Communication Services,False,False,False,False,False,False,True,True,False,False,True,False,False,False,False
3991.T,2023-08-31,Industrials,False,True,True,True,True,True,True,True,False,False,True,True,True,True,True
3995.T,2023-01-31,Communication Services,False,False,False,False,True,True,False,False,False,False,True,True,False,False,False
3996.T,2023-02-28,Technology,False,False,False,False,False,False,True,True,False,True,False,False,False,False,False
3997.T,2022-12-31,Technology,False,False,True,True,True,True,False,True,False,True,False,True,True,True,False
3998.T,2022-12-31,Consumer Defensive,False,False,True,True,True,False,False,True,False,False,True,True,True,True,False
4004.T,2022-12-31,Basic Materials,False,False,False,False,True,False,True,False,True,True,False,True,False,False,False
4005.T,2023-03-31,Basic Materials,False,False,False,False,True,False,False,True,True,False,False,True,True,True,False
4008.T,2023-03-31,Basic Materials,True,False,False,True,True,False,True,True,True,True,False,True,True,True,False
4011.T,2022-12-31,Technology,True,False,False,True,True,False,False,True,False,True,True,True,True,True,True
4012.T,2022-12-31,Technology,False,True,True,True,True,False,True,True,False,False,True,True,True,True,True
4013.T,2022-12-31,Technology,True,False,False,False,True,False,False,True,False,True,False,True,True,False,True
4014.T,2023-07-31,Technology,True,False,False,False,False,False,True,True,False,False,False,False,False,True,False
4015.T,2023-08-31,Technology,True,False,False,False,True,False,False,True,False,True,True,True,False,False,False
4017.T,2023-02-28,Consumer Cyclical,False,False,False,False,False,False,True,False,False,False,False,False,False,True,False
4019.T,2022-12-31,Technology,True,True,False,True,True,False,False,True,False,True,True,True,False,True,True
4020.T,2022-12-31,Technology,True,False,True,True,True,True,False,True,False,True,True,True,True,True,True
4021.T,2023-03-31,Basic Materials,False,True,True,True,True,False,False,True,False,False,False,True,True,False,True
4022.T,2023-03-31,Basic Materials,True,True,True,True,True,False,True,True,True,True,True,True,True,False,False
4023.T,2023-03-31,Basic Materials,False,False,False,True,True,False,True,True,True,True,True,True,True,True,True
4025.T,2022-12-31,Basic Materials,False,True,False,False,True,False,False,True,False,False,False,True,True,False,False
4026.T,2023-04-30,Industrials,False,True,True,True,True,False,True,True,False,False,True,True,True,False,False
4027.T,2023-03-31,Basic Materials,False,False,False,False,True,False,True,True,True,True,False,True,True,False,True
4028.T,2023-03-31,Basic Materials,False,False,False,False,False,False,True,True,True,False,False,False,True,True,True
4031.T,2023-03-31,Basic Materials,True,False,False,False,False,False,True,True,True,True,False,True,True,False,False
4041.T,2023-03-31,Basic Materials,True,True,False,True,True,False,True,True,True,True,True,True,True,False,True
4042.T,2023-03-31,Basic Materials,False,False,False,False,False,False,True,True,True,False,False,True,True,False,True
4043.T,2023-03-31,Basic Materials,False,False,False,False,False,False,False,True,True,False,False,True,True,False,True
4044.T,2023-03-31,Basic Materials,False,False,True,True,True,False,True,True,False,True,False,False,False,False,False
4045.T,2022-12-31,Basic Materials,False,False,False,False,True,False,True,True,True,False,False,True,True,False,True
4046.T,2023-03-31,Basic Materials,False,False,True,True,True,False,True,True,False,False,False,True,True,False,True
4047.T,2023-03-31,Basic Materials,True,False,True,True,True,False,True,True,True,True,False,True,True,False,False
4052.T,2023-06-30,Technology,False,False,False,False,True,False,True,True,False,False,False,True,False,False,False
4053.T,2022-12-31,Technology,False,False,True,True,True,False,False,True,False,False,False,True,True,True,False
4054.T,2023-06-30,Technology,False,False,False,False,True,False,False,True,False,False,False,True,True,True,True
4056.T,2022-12-31,Technology,False,False,False,False,False,False,True,False,False,False,False,False,False,True,True
4057.T,2023-05-31,Communication Services,False,False,False,False,True,False,False,True,False,False,False,True,True,True,False
4058.T,2022-12-31,Technology,True,True,True,True,True,True,False,True,False,True,True,True,True,True,True
4060.T,2022-12-31,Technology,False,False,True,True,True,True,False,True,False,False,True,True,False,True,True
4061.T,2023-03-31,Basic Materials,False,False,False,False,True,False,False,True,True,False,False,True,True,False,False
4062.T,2023-03-31,Technology,False,True,True,True,True,False,False,True,False,True,True,True,True,True,True
4063.T,2023-03-31,Basic Materials,True,False,True,True,True,True,True,True,False,True,True,True,True,False,True
4064.T,2023-03-31,Basic Materials,False,False,False,False,True,False,False,True,True,False,False,True,True,False,True
4068.T,2023-06-30,Technology,False,False,True,True,True,False,True,True,False,False,True,True,True,True,False
4069.T,2023-03-31,Technology,False,False,False,True,True,False,False,True,False,False,False,True,True,False,True
4073.T,2023-06-30,Technology,True,False,False,False,False,False,True,False,False,False,True,False,False,False,False
4074.T,2022-12-31,Technology,True,True,True,True,True,True,False,True,False,True,True,True,True,False,True
4075.T,2023-07-31,Technology,False,False,False,True,True,False,False,True,False,False,True,True,True,True,False
4076.T,2023-05-31,Technology,False,True,True,True,True,False,True,True,False,False,True,True,True,True,False
4078.T,2023-03-31,Basic Materials,False,False,False,False,True,False,True,True,True,False,True,True,False,False,True
4080.T,2023-03-31,Basic Materials,True,True,False,False,True,True,False,True,False,True,True,True,False,True,True
4082.T,2023-03-31,Basic Materials,True,False,True,True,True,False,True,True,True,True,True,True,True,False,False
4088.T,2023-03-31,Basic Materials,False,False,False,False,True,False,True,True,True,False,True,True,True,False,True
4091.T,2023-03-31,Basic Materials,False,True,False,False,True,False,False,True,False,False,True,True,True,False,True
4092.T,2023-03-31,Basic Materials,False,False,False,False,True,False,False,True,True,False,False,True,True,False,True
4093.T,2023-03-31,Basic Materials,False,False,False,False,True,False,True,True,True,True,True,True,True,False,True
4094.T,2023-03-31,Basic Materials,False,False,False,False,True,True,True,True,True,False,True,True,True,False,False
4095.T,2023-03-31,Basic Materials,False,False,False,False,True,False,True,True,True,True,False,True,True,False,True
4097.T,2023-03-31,Basic Materials,False,False,False,False,True,False,True,True,True,False,True,True,True,False,True
4098.T,2023-03-31,Basic Materials,False,False,False,False,False,False,True,True,True,True,False,False,False,False,False
4100.T,2023-03-31,Basic Materials,False,True,True,True,True,False,True,True,True,False,True,True,False,False,False
4102.T,2023-03-31,Basic Materials,False,False,False,False,True,False,False,True,True,False,True,True,True,False,True
4107.T,2022-12-31,Basic Materials,True,True,False,True,True,False,True,True,False,True,False,True,True,True,True
4109.T,2023-03-31,Basic Materials,False,False,False,False,True,False,True,True,True,False,False,True,True,False,True
4112.T,2023-03-31,Basic Materials,False,False,False,False,True,False,True,True,True,False,False,True,True,True,True
4113.T,2023-03-31,Basic Materials,False,False,False,False,True,False,False,True,True,False,True,True,True,False,False
4114.T,2023-03-31,Basic Materials,False,False,False,False,True,False,True,True,True,False,False,True,False,False,True
4116.T,2023-03-31,Basic Materials,False,False,False,False,True,False,False,True,True,False,False,True,True,False,True
4118.T,2023-03-31,Basic Materials,False,False,False,False,True,False,True,True,True,False,False,True,True,False,True
4119.T,2023-03-31,Basic Materials,False,False,False,False,True,False,True,True,True,False,False,True,False,False,True
4120.T,2023-03-31,Basic Materials,True,True,False,True,True,False,True,True,True,True,False,True,True,True,True
4125.T,2023-03-31,Industrials,False,True,True,True,True,False,True,True,False,False,False,True,True,False,True
4151.T,2022-12-31,Healthcare,False,False,False,True,True,False,False,True,False,False,True,True,True,True,False
4166.T,2022-12-31,Technology,False,False,False,True,True,True,False,True,False,False,True,True,True,True,False
4167.T,2023-03-31,Technology,False,False,False,False,False,False,False,True,False,False,False,True,False,True,False
4168.T,2022-12-31,Technology,False,False,False,False,False,False,True,True,False,False,False,False,False,True,False
4169.T,2022-12-31,Technology,True,False,False,False,False,False,True,True,False,False,False,False,False,True,True
4170.T,2022-12-31,Communication Services,True,False,False,False,True,False,True,True,False,False,True,True,False,True,False
4171.T,2022-12-31,Industrials,False,True,True,True,True,False,True,True,False,True,True,True,True,False,True
4173.T,2023-02-28,Technology,False,False,True,True,True,True,False,True,False,False,True,True,False,True,True
4174.T,2023-01-31,Technology,True,False,False,True,True,False,False,True,False,True,True,True,True,True,False
4175.T,2023-01-31,Communication Services,False,False,False,False,False,False,True,True,True,False,False,False,False,False,False
4176.T,2023-08-31,Communication Services,False,False,False,False,True,False,False,True,False,True,False,True,False,True,True
4177.T,2023-03-31,Industrials,False,False,False,False,False,False,True,False,False,False,False,True,False,True,True
4178.T,2022-12-31,Technology,False,False,False,False,True,False,False,True,False,False,False,True,True,True,False
4179.T,2023-03-31,Technology,False,False,False,False,False,False,True,False,False,False,False,False,False,False,False
4180.T,2022-12-31,Technology,False,True,False,False,True,False,False,True,False,True,False,True,False,True,False
4182.T,2023-03-31,Basic Materials,False,True,False,False,True,False,True,True,True,False,True,True,True,False,True
4183.T,2023-03-31,Basic Materials,False,False,False,False,True,False,True,True,True,False,True,True,True,False,True
4185.T,2023-03-31,Basic Materials,False,False,False,False,True,False,False,True,False,False,True,True,False,False,True
4186.T,2022-12-31,Technology,False,True,True,True,True,False,True,True,True,True,False,True,True,True,True
4188.T,2023-03-31,Basic Materials,False,False,False,False,True,False,True,True,True,False,True,True,False,False,True
4189.T,2022-12-31,Basic Materials,False,False,True,True,True,False,True,True,False,False,False,True,True,False,False
4192.T,2022-12-31,Technology,True,False,False,False,False,False,True,True,False,False,False,False,False,True,False
4193.T,2023-03-31,Technology,True,True,True,True,True,True,False,True,False,True,True,True,True,True,False
4194.T,2023-07-31,Communication Services,True,False,True,True,True,True,False,True,False,True,True,True,True,True,True
4198.T,2023-05-31,Technology,False,True,True,True,True,False,False,True,False,True,False,True,True,False,True
4199.T,2023-08-31,Technology,False,False,False,False,False,False,False,True,False,True,False,False,False,False,False
4200.T,2023-03-31,Industrials,False,False,False,False,True,False,False,True,True,False,False,True,True,False,True
4202.T,2023-03-31,Basic Materials,True,True,True,True,True,False,True,True,False,True,True,True,True,False,True
4203.T,2023-03-31,Basic Materials,False,True,False,True,True,False,True,True,True,False,False,True,True,True,True
4204.T,2023-03-31,Industrials,True,False,False,True,True,False,True,True,False,True,False,True,True,False,True
4205.T,2023-03-31,Basic Materials,False,False,False,False,True,False,False,True,True,False,False,True,True,False,True
4206.T,2023-03-31,Industrials,False,False,False,False,True,False,False,True,False,False,True,True,True,False,True
4208.T,2023-03-31,Basic Materials,False,False,False,False,True,False,True,True,True,False,False,True,False,False,True
4212.T,2023-03-31,Industrials,False,False,False,False,True,False,True,True,True,False,False,True,True,False,True
4215.T,2023-03-31,Basic Materials,False,False,False,False,True,False,False,True,True,False,False,True,True,False,True
4216.T,2023-03-31,Industrials,True,False,True,True,True,False,True,True,False,True,False,True,True,False,True
4218.T,2023-03-31,Industrials,False,False,False,False,True,False,False,True,True,True,True,True,True,False,True
4220.T,2023-03-31,Basic Materials,False,True,False,False,True,False,True,True,True,True,True,True,True,False,True
4221.T,2022-12-31,Basic Materials,False,False,False,False,True,False,True,True,True,True,False,True,True,False,True
4222.T,2023-03-31,Consumer Cyclical,False,False,False,False,True,False,False,True,True,False,False,True,False,False,True
4224.T,2023-03-31,Industrials,False,False,False,False,True,False,True,True,True,False,False,True,True,False,True
4228.T,2023-03-31,Basic Materials,False,False,False,False,True,False,False,True,True,True,True,True,False,False,True
4229.T,2023-03-31,Basic Materials,False,False,False,False,True,False,True,True,True,False,False,True,True,False,True
4231.T,2023-03-31,Basic Materials,False,False,False,False,True,False,True,True,True,False,True,True,True,False,True
4234.T,2023-03-31,Basic Materials,False,False,False,False,False,False,True,True,True,False,False,False,False,False,True
4235.T,2022-12-31,Consumer Cyclical,True,False,True,True,True,False,False,True,False,True,True,True,True,False,False
4237.T,2023-03-31,Technology,True,False,False,False,True,False,False,True,False,True,True,True,True,False,False
4238.T,2023-01-31,Technology,False,True,False,True,True,False,True,True,True,True,False,True,True,True,False
4240.T,2023-03-31,Technology,False,False,False,False,True,False,False,True,False,False,False,True,True,False,False
4241.T,2023-03-31,Industrials,False,False,False,False,True,False,True,True,False,False,False,True,True,False,True
4242.T,2023-03-31,Basic Materials,False,False,False,False,True,False,True,True,True,False,True,True,False,False,True
4245.T,2022-12-31,Industrials,False,False,False,False,True,False,False,False,True,False,True,True,True,False,True
4246.T,2023-03-31,Consumer Cyclical,False,False,False,False,True,False,False,True,True,True,False,True,False,False,True
4247.T,2023-03-31,Basic Materials,False,False,False,False,True,False,True,True,True,False,False,True,True,False,True
4248.T,2022-12-31,Consumer Cyclical,False,False,False,False,True,False,False,True,True,False,False,True,True,False,False
4249.T,2023-03-31,Basic Materials,False,False,False,False,True,False,False,True,True,False,False,True,True,False,True
4251.T,2022-12-31,Technology,True,True,True,True,True,True,True,True,True,True,True,True,True,False,False
4255.T,2022-12-31,Technology,True,False,False,False,True,False,True,True,False,False,False,True,False,True,False
4256.T,2023-03-31,Technology,True,True,False,False,True,True,False,True,False,True,False,True,True,True,False
4258.T,2022-12-31,Technology,False,True,True,True,False,False,False,True,False,True,False,False,True,True,False
4261.T,2022-12-31,Technology,False,True,True,True,True,False,True,True,False,False,True,True,False,True,True
4262.T,2023-03-31,Real Estate,False,False,False,True,True,False,False,True,False,False,True,True,True,True,False
4263.T,2023-06-30,Healthcare,False,False,False,False,True,True,True,True,False,True,True,True,False,True,False
4265.T,2023-03-31,Industrials,False,False,False,False,False,False,True,True,False,False,False,False,False,False,True
4267.T,2023-01-31,Consumer Defensive,False,True,True,True,True,False,False,True,False,False,True,True,False,True,False
4268.T,2023-04-30,Technology,True,False,True,True,True,False,False,True,False,False,True,True,True,False,False
4270.T,2023-02-28,Technology,True,False,True,True,True,False,False,True,False,True,True,True,True,True,True
4272.T,2023-03-31,Basic Materials,False,False,False,False,True,False,True,True,True,False,True,True,True,False,True
4274.T,2023-03-31,Basic Materials,False,False,False,False,True,False,False,True,False,False,True,True,True,False,True
4275.T,2023-03-31,Basic Materials,False,False,False,False,True,False,True,True,True,False,True,True,True,False,True
4284.T,2022-12-31,Technology,False,False,False,False,True,False,False,True,False,False,False,True,True,False,True
4286.T,2022-12-31,Communication Services,False,False,False,False,True,False,False,True,True,False,False,True,True,True,True
4287.T,2023-01-31,Technology,False,False,False,True,True,True,False,True,False,False,False,True,True,False,True
4288.T,2023-03-31,Technology,False,False,False,False,False,False,True,True,False,False,False,True,False,False,False
4290.T,2023-03-31,Industrials,False,False,True,True,True,False,True,True,False,True,True,True,True,False,False
4295.T,2023-03-31,Communication Services,False,False,False,False,True,False,True,True,True,False,False,True,False,False,False
4298.T,2023-03-31,Communication Services,True,False,True,True,True,False,True,True,False,False,False,True,True,False,True
4299.T,2023-03-31,Technology,False,True,True,True,True,False,True,True,False,False,True,True,True,True,True
4301.T,2023-03-31,Communication Services,True,False,False,False,True,True,False,True,True,True,True,True,True,False,False
4304.T,2023-03-31,Industrials,False,False,False,False,True,False,False,False,False,False,True,True,True,False,False
4307.T,2023-03-31,Technology,False,False,True,True,True,False,False,True,False,False,True,True,True,True,True
4308.T,2023-03-31,Communication Services,False,False,False,True,True,False,False,True,False,False,True,True,True,False,False
4310.T,2023-03-31,Financial Services,True,False,True,True,True,True,True,True,False,True,False,True,False,False,True
4312.T,2022-12-31,Technology,False,False,False,False,True,False,False,True,False,False,True,True,True,False,False
4316.T,2023-03-31,Technology,True,False,False,False,False,False,True,True,False,False,True,False,False,False,False
4317.T,2023-02-28,Communication Services,True,False,True,True,True,False,True,True,False,True,False,True,False,False,False
4318.T,2023-03-31,Industrials,True,False,True,True,True,True,True,True,False,True,True,True,True,False,True
4319.T,2023-03-31,Consumer Defensive,False,False,False,False,False,False,False,False,True,False,True,False,True,False,False
4323.T,2023-03-31,Technology,True,True,True,True,True,False,True,True,False,True,True,True,False,True,True
4324.T,2022-12-31,Communication Services,False,False,False,False,True,False,False,False,False,False,False,True,False,False,True
4326.T,2023-06-30,Communication Services,False,True,True,True,True,False,False,True,False,True,False,True,True,True,False
4331.T,2023-03-31,Consumer Cyclical,True,False,True,True,True,False,True,False,False,True,True,True,False,False,False
4333.T,2023-03-31,Technology,False,True,True,True,True,False,True,True,False,True,True,True,True,True,True
4334.T,2023-01-31,Communication Services,False,False,True,True,True,False,False,True,False,False,False,True,False,False,True
4335.T,2023-06-30,Technology,False,False,True,True,True,True,True,True,False,True,True,True,True,False,True
4337.T,2023-03-31,Industrials,False,False,True,False,True,True,False,False,False,True,True,True,False,False,True
4341.T,2023-03-31,Communication Services,False,False,False,False,False,False,True,True,True,False,False,False,False,False,False
4343.T,2023-02-28,Consumer Cyclical,False,False,False,False,True,False,True,False,False,False,True,True,False,False,False
4344.T,2023-03-31,Technology,False,False,False,False,True,False,True,True,False,True,True,True,False,False,False
4345.T,2023-03-31,Industrials,False,True,True,True,True,True,False,True,False,False,True,True,True,True,False
4347.T,2023-03-31,Communication Services,False,False,True,True,True,True,True,True,False,False,True,True,True,False,True
4348.T,2023-03-31,Communication Services,False,False,False,True,True,False,False,True,False,False,True,True,True,False,True
4350.T,2023-03-31,Healthcare,False,False,True,False,True,False,True,False,True,False,False,True,False,False,False
4351.T,2022-12-31,Industrials,False,False,False,False,True,True,False,True,False,False,False,True,False,False,True
4356.T,2022-12-31,Technology,False,True,True,True,True,False,False,True,False,False,True,True,True,True,False
4362.T,2023-03-31,Basic Materials,False,True,False,True,True,False,True,True,False,True,False,True,True,True,True
4365.T,2023-03-31,Basic Materials,False,False,True,True,True,True,True,True,True,True,True,True,True,False,False
4366.T,2023-03-31,Basic Materials,False,False,False,False,True,False,True,True,True,False,False,True,True,True,True
4367.T,2023-03-31,Basic Materials,False,False,False,False,False,False,False,True,True,False,False,True,True,False,False
4368.T,2023-03-31,Basic Materials,True,False,True,True,True,False,True,True,False,True,False,True,True,True,True
4369.T,2023-01-31,Basic Materials,False,True,True,True,True,True,True,True,False,False,True,True,True,True,True
4370.T,2023-08-31,Technology,False,False,False,False,True,False,False,True,False,False,False,True,False,True,False
4372.T,2022-12-31,Technology,False,True,True,True,True,True,True,True,False,True,True,True,True,True,False
4373.T,2023-03-31,Industrials,True,True,True,True,True,False,False,True,False,True,False,True,True,True,True
4374.T,2022-12-31,Technology,False,False,False,False,False,False,True,False,False,False,False,False,False,True,True
4375.T,2022-12-31,Technology,True,False,False,False,False,False,True,True,False,False,False,False,False,True,True
4377.T,2022-12-31,Industrials,True,True,True,True,True,True,False,True,False,True,True,True,False,True,False
4379.T,2022-12-31,Technology,False,False,False,False,False,False,True,True,False,True,False,True,False,True,True
4380.T,2023-01-31,Consumer Defensive,False,True,True,True,True,True,False,True,False,True,True,True,True,True,True
4381.T,2023-03-31,Technology,True,False,True,True,True,False,False,True,False,True,True,True,False,True,True
4382.T,2023-04-30,Technology,False,False,False,False,True,True,True,True,False,False,True,True,False,False,False
4384.T,2023-07-31,Industrials,True,True,False,False,True,False,False,True,False,False,True,True,False,True,False
4385.T,2023-06-30,Consumer Cyclical,False,False,True,False,False,False,False,False,False,True,False,False,False,True,False
4386.T,2023-03-31,Technology,False,False,True,True,True,False,True,True,False,False,True,True,True,False,False
4387.T,2023-03-31,Technology,False,False,False,False,True,True,False,True,False,True,True,True,False,True,False
4388.T,2023-03-31,Technology,False,False,False,False,True,False,False,True,False,False,True,True,True,False,True
4389.T,2023-03-31,Technology,True,True,True,True,True,True,False,True,False,True,True,True,True,True,True
4390.T,2023-03-31,Communication Services,False,True,True,True,True,False,True,True,False,False,True,True,True,True,False
4391.T,2023-06-30,Technology,False,False,True,True,True,True,False,True,False,False,True,True,True,True,True
4392.T,2022-12-31,Technology,True,True,False,False,True,False,True,True,True,True,False,True,True,True,False
4395.T,2022-12-31,Communication Services,True,True,True,True,True,True,False,True,False,True,True,True,True,True,False
4396.T,2023-06-30,Technology,True,True,True,True,True,False,False,True,False,True,True,True,True,True,True
4397.T,2023-08-31,Technology,True,False,False,False,False,False,False,True,False,False,False,True,False,True,False
4398.T,2023-06-30,Technology,False,False,True,True,True,False,False,True,False,False,True,True,True,True,False
4401.T,2023-03-31,Basic Materials,False,False,False,False,True,False,True,True,True,False,False,True,True,True,True
4403.T,2023-03-31,Basic Materials,True,True,True,True,True,False,True,True,False,True,True,True,True,False,True
4404.T,2022-12-31,Consumer Defensive,False,False,False,False,False,False,True,True,True,False,False,False,False,False,True
4406.T,2023-03-31,Basic Materials,False,False,False,False,True,False,True,True,True,False,False,True,False,False,True
4409.T,2023-03-31,Basic Materials,False,False,False,False,True,False,True,False,True,False,False,True,True,False,True
4410.T,2023-03-31,Basic Materials,False,False,False,False,False,False,False,True,True,False,True,True,True,False,False
4412.T,2023-08-31,Technology,False,False,False,False,False,False,False,True,False,False,False,True,False,True,False
4413.T,2023-02-28,Technology,True,True,True,True,True,True,False,True,False,True,True,True,True,True,True
4414.T,2023-03-31,Technology,False,False,True,True,False,False,False,True,False,False,False,False,False,False,True
4415.T,2022-12-31,Communication Services,False,False,True,False,False,False,False,False,False,False,False,False,True,True,False
4416.T,2023-03-31,Technology,True,True,False,False,True,False,False,True,False,True,True,True,False,True,False
4417.T,2023-03-31,Technology,True,True,True,True,True,False,False,True,False,True,False,True,True,True,True
4418.T,2023-06-30,Technology,False,False,False,False,True,True,False,True,False,True,False,True,False,True,False
4420.T,2022-12-31,Technology,False,False,False,False,True,False,True,True,False,False,False,True,False,False,True
4422.T,2023-07-31,Industrials,False,False,False,False,False,False,False,True,False,True,False,False,False,False,False
4425.T,2023-03-31,Technology,False,False,False,False,False,False,True,True,False,True,True,False,False,False,False
4428.T,2022-12-31,Technology,True,False,False,True,True,False,False,True,False,True,False,True,True,False,False
4429.T,2023-02-28,Technology,True,False,True,True,True,True,False,True,False,True,True,True,True,False,True
4430.T,2023-05-31,Technology,True,True,True,True,True,False,True,True,False,True,False,True,True,False,True
4431.T,2023-04-30,Technology,True,False,True,True,True,True,False,True,False,True,True,True,True,True,False
4432.T,2023-02-28,Technology,False,False,True,True,True,True,True,True,False,False,True,True,True,False,True
4433.T,2023-08-31,Industrials,False,False,False,False,True,False,True,True,False,False,True,True,True,False,False
4434.T,2023-02-28,Technology,True,False,False,False,True,False,False,True,False,False,False,True,True,True,True
4435.T,2023-03-31,Technology,True,True,True,True,True,True,False,True,False,False,True,True,False,True,False
4436.T,2023-03-31,Communication Services,False,True,False,False,True,False,False,True,False,False,True,True,True,True,False
4437.T,2023-03-31,Real Estate,False,False,True,True,True,False,True,True,False,True,True,True,True,False,False
4438.T,2022-12-31,Healthcare,False,False,False,False,False,False,False,True,False,True,False,False,False,False,True
4439.T,2023-08-31,Industrials,True,False,True,True,True,True,False,True,False,True,True,True,True,True,False
4440.T,2023-08-31,Technology,False,False,False,False,True,False,False,True,False,False,False,True,True,False,False
4442.T,2023-03-31,Technology,True,True,True,True,True,False,False,True,False,True,True,True,True,True,True
4443.T,2023-05-31,Technology,False,False,False,False,True,True,True,True,False,False,True,True,False,True,False
4444.T,2023-03-31,Technology,False,False,False,True,True,True,False,True,False,True,True,True,False,False,True
4446.T,2023-07-31,Technology,True,False,False,False,True,True,False,True,False,True,True,True,True,True,False
4448.T,2022-12-31,Technology,False,False,False,False,False,False,True,True,False,False,False,True,False,True,True
4449.T,2022-12-31,Consumer Cyclical,False,False,False,False,True,False,False,True,False,False,False,True,True,True,True
4450.T,2022-12-31,Technology,True,False,True,True,True,False,True,True,False,True,True,True,True,False,False
4452.T,2022-12-31,Consumer Defensive,False,False,False,False,True,False,False,True,False,False,False,True,True,False,True
4461.T,2023-03-31,Basic Materials,False,False,False,False,True,False,True,True,True,False,False,True,False,False,False
4462.T,2023-03-31,Basic Materials,False,False,False,True,True,False,True,True,False,False,True,True,True,True,True
4463.T,2022-12-31,Basic Materials,False,False,False,False,True,False,True,True,True,False,False,True,True,False,True
4464.T,2023-03-31,Basic Materials,False,False,False,False,True,False,True,True,True,False,False,True,True,True,False
4465.T,2023-05-31,Consumer Defensive,False,False,False,False,True,False,False,True,True,False,True,True,True,False,True
4471.T,2023-03-31,Basic Materials,False,False,False,False,True,False,False,True,True,False,False,True,True,False,False
4476.T,2022-12-31,Technology,False,False,False,False,False,False,False,True,False,False,False,True,True,True,True
4477.T,2022-12-31,Technology,True,False,False,False,False,False,True,True,False,False,False,False,False,False,False
4478.T,2023-06-30,Technology,False,False,False,False,False,False,True,True,False,False,False,False,False,True,False
4480.T,2022-12-31,Healthcare,True,True,False,False,True,True,False,True,False,True,True,True,False,True,False
4481.T,2022-12-31,Technology,True,True,True,True,True,True,False,True,False,True,True,True,True,True,True
4482.T,2022-12-31,Communication Services,False,True,True,True,True,True,False,True,False,False,True,True,True,True,False
4483.T,2023-03-31,Healthcare,True,True,False,False,True,False,False,True,False,False,True,True,True,True,False
4484.T,2023-03-31,Technology,False,False,False,False,False,False,True,True,False,True,False,False,False,True,False
4485.T,2023-03-31,Communication Services,False,False,False,False,True,False,True,False,False,False,True,True,False,True,True
4486.T,2022-12-31,Technology,False,True,True,True,True,False,False,True,False,True,False,True,True,True,False
4487.T,2022-12-31,Real Estate,False,False,False,False,False,False,True,True,False,False,False,False,False,False,True
4488.T,2023-03-31,Technology,False,False,False,False,True,False,True,True,False,False,False,True,False,False,False
4489.T,2023-03-31,Industrials,False,False,False,False,True,True,True,True,True,False,False,True,True,True,True
4490.T,2023-02-28,Industrials,False,False,False,False,True,True,True,True,False,True,True,True,False,True,False
4491.T,2023-03-31,Technology,False,False,True,True,True,False,True,True,False,False,True,True,True,True,True
4492.T,2023-03-31,Technology,False,False,False,False,False,False,False,True,True,False,True,True,True,False,True
4493.T,2022-12-31,Technology,True,False,True,True,True,True,False,True,False,True,True,True,True,True,True
4494.T,2023-02-28,Technology,False,False,False,False,True,True,True,True,True,False,True,True,True,True,False
4495.T,2023-06-30,Technology,False,False,True,True,True,False,False,True,False,False,False,True,True,True,True
4496.T,2023-03-31,Technology,False,False,True,True,True,False,True,True,False,False,False,True,True,True,False
4498.T,2023-03-31,Technology,True,True,True,True,True,True,False,True,False,True,True,True,True,True,False
4502.T,2023-03-31,Healthcare,True,False,False,False,True,False,False,True,False,True,False,True,True,False,True
4503.T,2023-03-31,Healthcare,False,False,False,False,True,True,False,True,False,False,True,True,True,False,True
4506.T,2023-03-31,Healthcare,False,False,False,False,True,False,True,True,True,False,False,False,False,False,False
4507.T,2023-03-31,Healthcare,True,False,True,True,True,True,True,True,False,True,True,True,True,False,True
4512.T,2023-03-31,Healthcare,False,False,False,False,True,False,False,True,True,False,True,True,False,False,False
4516.T,2023-03-31,Healthcare,False,False,True,True,True,True,False,True,False,False,False,True,True,True,False
4519.T,2022-12-31,Healthcare,True,True,True,True,True,True,False,True,False,True,False,True,True,True,True
4521.T,2023-03-31,Healthcare,False,False,False,False,True,False,False,True,False,False,False,True,True,False,False
4523.T,2023-03-31,Healthcare,False,False,False,False,False,False,False,True,False,True,False,True,True,False,True
4524.T,2023-03-31,Healthcare,True,False,False,False,True,False,False,True,True,True,True,True,True,False,True
4526.T,2023-03-31,Consumer Defensive,False,False,False,True,True,False,True,True,True,False,True,True,False,False,True
4527.T,2023-03-31,Consumer Defensive,True,True,True,True,True,False,False,True,False,True,True,True,True,False,True
4528.T,2023-03-31,Healthcare,True,True,True,True,True,True,True,True,False,True,True,True,True,True,True
4530.T,2023-02-28,Healthcare,False,False,False,False,True,False,False,True,False,True,False,True,True,False,False
4531.T,2023-03-31,Basic Materials,True,False,False,False,True,False,True,True,True,True,False,True,False,True,False
4534.T,2023-03-31,Healthcare,False,False,False,False,True,False,False,True,False,False,False,True,True,False,False
4536.T,2023-03-31,Healthcare,False,False,False,False,True,False,True,True,False,False,False,True,False,True,True
4538.T,2023-03-31,Healthcare,False,False,False,False,True,False,True,True,True,True,True,True,True,True,True
4539.T,2023-03-31,Healthcare,False,False,False,False,False,False,False,True,True,False,False,False,True,False,True
4540.T,2023-03-31,Healthcare,False,False,False,False,True,False,True,True,True,False,True,True,True,False,False
4543.T,2023-03-31,Healthcare,False,False,False,True,True,False,False,True,False,False,False,True,True,False,True
4544.T,2023-03-31,Healthcare,False,False,True,True,True,False,True,True,False,False,False,True,False,False,False
4547.T,2023-03-31,Healthcare,False,False,False,False,False,False,True,True,True,False,False,False,True,False,True
4548.T,2023-03-31,Healthcare,False,False,False,False,True,False,False,True,True,False,True,False,False,False,False
4549.T,2023-03-31,Healthcare,False,False,True,True,True,False,True,True,False,False,True,True,True,True,False
4551.T,2022-12-31,Healthcare,False,False,False,False,True,False,False,True,True,True,False,True,True,False,True
4552.T,2023-03-31,Healthcare,False,False,False,False,False,False,False,True,False,False,False,True,True,False,True
4553.T,2023-03-31,Healthcare,False,False,False,False,True,False,False,True,True,False,False,True,True,True,False
4556.T,2023-03-31,Healthcare,False,True,True,True,True,True,True,True,True,True,True,True,True,False,True
4558.T,2023-03-31,Consumer Cyclical,False,False,False,False,True,False,False,True,False,False,False,True,True,False,False
4559.T,2023-03-31,Healthcare,True,True,False,False,True,True,False,True,False,True,True,True,True,False,False
4564.T,2023-03-31,Healthcare,False,False,False,False,False,False,True,True,False,False,False,False,False,False,False
4565.T,2022-12-31,Healthcare,False,False,False,False,True,True,False,True,False,False,True,True,True,False,True
4568.T,2023-03-31,Healthcare,True,False,False,False,True,False,False,True,False,True,False,True,True,False,False
4569.T,2023-03-31,Healthcare,False,False,False,False,True,False,False,True,True,True,False,True,True,False,True
4570.T,2023-03-31,Healthcare,False,False,False,False,True,False,True,True,False,False,True,False,False,True,True
4571.T,2023-03-31,Healthcare,False,False,False,False,False,False,True,True,False,True,True,False,False,False,False
4572.T,2022-12-31,Healthcare,True,False,False,False,False,False,True,True,False,False,False,False,False,False,True
4574.T,2022-12-31,Healthcare,False,False,False,False,False,False,True,True,False,True,False,False,False,False,False
4576.T,2022-12-31,Healthcare,True,False,False,False,False,False,True,True,False,False,True,False,False,False,False
4577.T,2023-05-31,Healthcare,False,False,False,True,True,False,True,True,True,False,False,True,True,False,True
4578.T,2022-12-31,Healthcare,False,False,False,False,True,False,False,True,False,False,True,True,True,True,True
4579.T,2022-12-31,Healthcare,False,False,True,True,True,True,False,True,False,False,True,True,False,False,False
4581.T,2023-03-31,Healthcare,True,False,False,False,True,False,False,True,True,True,True,True,True,False,True
4582.T,2022-12-31,Healthcare,False,False,True,True,True,True,False,True,False,False,True,True,False,True,False
4583.T,2022-12-31,Healthcare,False,False,False,False,False,False,True,True,False,True,False,False,False,False,True
4584.T,2023-03-31,Healthcare,True,False,False,False,False,False,True,True,False,False,False,False,False,False,False
4586.T,2022-12-31,Healthcare,True,False,False,False,False,False,True,True,False,False,False,False,False,False,False
4588.T,2022-12-31,Healthcare,False,False,False,False,False,False,True,True,False,False,False,False,False,False,False
4591.T,2023-03-31,Healthcare,False,False,False,False,False,False,True,True,False,False,False,False,False,False,False
4594.T,2023-03-31,Healthcare,False,False,False,False,False,False,True,True,False,False,False,False,False,False,False
4595.T,2022-12-31,Healthcare,True,False,True,True,True,True,True,True,False,False,True,True,True,False,False
4597.T,2022-12-31,Healthcare,True,False,False,False,False,False,True,True,False,True,True,False,False,False,True
4599.T,2023-07-31,Healthcare,True,False,False,False,True,True,False,True,False,True,True,True,False,False,False
4611.T,2023-03-31,Basic Materials,True,False,False,False,True,False,True,True,True,True,False,True,True,False,True
4612.T,2022-12-31,Basic Materials,True,True,False,False,True,False,False,True,False,False,True,True,True,True,True
4613.T,2023-03-31,Basic Materials,False,False,False,False,True,False,False,True,False,True,True,True,True,False,True
4615.T,2023-03-31,Basic Materials,False,False,False,False,False,False,True,True,True,False,True,False,False,False,False
4617.T,2023-03-31,Basic Materials,True,False,False,False,True,False,True,True,True,True,True,False,False,False,True
4619.T,2023-03-31,Basic Materials,True,False,False,False,True,False,True,True,True,True,True,True,True,False,True
4620.T,2023-03-31,Basic Materials,False,False,False,False,True,False,False,True,True,False,False,True,True,False,True
4621.T,2023-03-31,Basic Materials,False,False,False,False,True,False,True,True,True,False,False,True,True,False,True
4623.T,2023-03-31,Basic Materials,False,False,False,False,True,False,True,True,True,False,False,True,True,False,False
4624.T,2023-03-31,Basic Materials,False,False,False,False,True,False,True,True,True,True,True,True,True,False,True
4625.T,2023-03-31,Basic Materials,False,False,False,False,True,False,False,True,True,False,False,True,True,False,True
4626.T,2023-03-31,Basic Materials,False,False,True,True,True,True,True,True,False,False,False,True,True,False,True
4628.T,2023-03-31,Basic Materials,False,False,False,True,True,False,True,True,True,False,False,True,True,False,False
4629.T,2023-03-31,Basic Materials,True,False,False,False,True,False,True,True,True,True,True,True,True,False,False
4631.T,2022-12-31,Basic Materials,True,False,False,False,True,False,True,True,True,True,True,True,True,False,True
4633.T,2022-12-31,Basic Materials,False,False,False,False,True,False,True,True,True,False,False,True,True,False,True
4634.T,2022-12-31,Basic Materials,False,False,False,False,True,False,True,True,True,False,False,True,True,False,True
4635.T,2023-03-31,Basic Materials,True,True,False,False,False,False,True,True,True,True,False,False,True,False,True
4636.T,2023-03-31,Basic Materials,False,False,False,False,True,False,False,True,True,False,False,True,True,False,False
4641.T,2022-12-31,Industrials,False,True,True,True,True,False,True,True,False,True,True,True,True,False,True
4642.T,2022-12-31,Industrials,False,False,False,True,True,False,True,True,False,True,True,True,True,False,True
4644.T,2023-03-31,Communication Services,False,False,False,False,True,False,False,True,True,False,True,False,True,False,False
4645.T,2023-02-28,Consumer Defensive,False,False,True,False,True,False,True,False,False,False,False,True,False,False,True
4650.T,2023-03-31,Communication Services,False,False,False,False,False,False,True,True,False,False,False,False,False,False,True
4651.T,2023-03-31,Industrials,False,False,True,False,True,False,True,False,False,True,True,True,False,False,True
4657.T,2023-06-30,Industrials,False,False,False,False,True,False,True,True,False,False,True,True,False,True,False
4658.T,2023-03-31,Industrials,False,False,False,True,True,False,True,True,False,False,False,True,True,False,True
4659.T,2023-03-31,Industrials,False,False,False,True,True,True,True,True,False,False,True,True,True,False,False
4661.T,2023-03-31,Consumer Cyclical,True,False,False,True,True,True,False,True,False,True,True,True,False,False,True
4662.T,2023-03-31,Technology,True,True,True,True,True,False,True,True,False,True,True,True,True,True,False
4664.T,2023-03-31,Industrials,False,False,False,False,True,False,False,True,False,False,True,True,True,False,True
4665.T,2023-03-31,Consumer Cyclical,False,False,False,False,True,False,False,True,False,False,False,True,True,False,False
4667.T,2023-03-31,Technology,False,False,False,False,True,False,False,True,False,True,True,True,True,False,False
4668.T,2023-08-31,Consumer Defensive,False,False,False,True,True,False,False,True,False,False,False,True,False,True,True
4671.T,2023-03-31,Healthcare,False,False,False,True,True,False,True,True,True,False,True,True,True,False,False
4674.T,2023-03-31,Technology,False,True,True,True,True,False,True,True,False,False,False,True,True,True,False
4676.T,2023-03-31,Communication Services,True,False,False,False,True,False,True,True,True,True,True,True,True,False,True
4678.T,2023-03-31,Consumer Defensive,True,False,False,False,True,False,False,True,True,True,True,True,True,False,False
4679.T,2023-03-31,Consumer Cyclical,False,False,False,False,False,False,True,False,False,False,False,False,False,False,False
4680.T,2023-03-31,Consumer Cyclical,True,False,True,True,True,True,False,True,False,True,False,True,False,False,False
4681.T,2023-03-31,Consumer Cyclical,True,False,True,False,True,False,True,False,False,True,False,True,False,False,True
4684.T,2023-03-31,Technology,False,True,True,True,True,True,False,True,False,True,True,True,True,True,True
4685.T,2023-03-31,Industrials,False,False,True,True,False,False,True,True,True,True,True,False,True,False,True
4686.T,2023-03-31,Technology,False,True,True,True,True,True,False,True,False,False,True,True,True,True,False
4687.T,2023-03-31,Technology,False,True,True,True,True,False,True,True,False,True,True,True,True,False,True
4689.T,2023-03-31,Consumer Cyclical,True,False,False,False,True,False,True,True,True,True,True,False,True,True,True
4690.T,2023-03-31,Consumer Cyclical,True,False,True,True,True,False,True,True,True,True,False,True,True,False,False
4691.T,2023-03-31,Consumer Cyclical,False,False,True,True,True,True,True,False,False,True,True,True,False,False,False
4694.T,2023-03-31,Healthcare,False,False,True,True,True,False,True,True,False,False,False,True,True,False,False
4704.T,2022-12-31,Technology,False,False,True,True,True,True,False,True,False,False,False,True,True,True,True
4705.T,2023-03-31,Consumer Defensive,False,False,False,False,False,False,False,True,True,False,False,True,True,False,True
4709.T,2023-03-31,Technology,True,False,True,True,True,False,True,True,False,True,True,True,True,False,True
4714.T,2023-02-28,Consumer Defensive,False,False,True,True,True,False,False,True,False,False,False,True,True,False,False
4716.T,2023-05-31,Technology,False,True,True,True,True,True,False,True,False,False,True,True,True,False,True
4718.T,2023-03-31,Consumer Defensive,True,False,True,True,True,False,False,True,False,True,True,True,True,True,False
4719.T,2023-03-31,Technology,False,False,False,True,True,False,False,True,False,True,True,True,True,True,False
4720.T,2023-03-31,Consumer Defensive,False,False,False,False,True,False,True,True,False,True,False,True,False,False,False
4722.T,2022-12-31,Technology,True,False,True,True,True,True,False,True,False,True,True,True,True,False,False
4725.T,2022-12-31,Technology,False,False,False,False,True,False,True,True,True,False,True,True,True,False,True
4726.T,2023-03-31,Technology,False,False,True,True,True,False,True,True,False,False,False,True,True,False,True
4728.T,2023-08-31,Communication Services,True,False,False,True,True,True,False,True,True,True,True,True,True,False,False
4732.T,2023-03-31,Consumer Cyclical,False,False,True,True,True,True,False,True,False,False,True,True,True,False,True
4733.T,2023-03-31,Technology,False,False,False,True,True,True,False,True,False,False,True,True,True,False,True
4735.T,2023-05-31,Consumer Defensive,True,False,False,False,True,False,True,False,False,False,True,True,False,True,False
4736.T,2023-03-31,Technology,True,False,False,False,True,False,False,True,True,True,False,True,False,False,True
4739.T,2023-03-31,Technology,False,False,True,True,True,False,False,True,False,False,False,True,True,False,True
4743.T,2023-03-31,Technology,False,True,True,True,True,False,True,True,False,False,True,True,True,True,True
4745.T,2023-02-28,Consumer Defensive,False,False,True,True,True,False,False,True,False,False,False,True,True,False,False
4746.T,2022-12-31,Technology,False,False,True,True,True,True,True,True,True,True,True,True,True,True,True
4748.T,2023-06-30,Industrials,False,True,True,True,True,False,True,True,False,True,False,True,True,True,True
4750.T,2023-04-30,Industrials,False,False,False,False,False,False,True,True,True,False,False,False,False,False,True
4752.T,2023-03-31,Technology,False,True,True,True,True,False,True,True,True,True,True,True,True,False,True
4755.T,2022-12-31,Consumer Cyclical,True,False,False,False,False,False,True,False,False,False,True,True,False,True,True
4760.T,2023-08-31,Communication Services,True,False,False,False,False,False,False,False,False,False,False,False,False,False,False
4761.T,2023-03-31,Technology,False,False,False,False,True,False,True,True,True,True,True,True,True,False,True
4762.T,2023-03-31,Technology,False,False,False,True,True,True,True,True,False,False,True,True,True,False,True
4763.T,2023-02-28,Industrials,False,True,True,True,True,False,False,True,False,True,True,True,True,True,False
4765.T,2023-03-31,Financial Services,True,True,True,True,True,True,True,True,False,True,False,True,True,True,True
4766.T,2022-12-31,Industrials,False,False,True,False,True,False,False,False,False,True,False,True,False,False,True
4767.T,2023-06-30,Communication Services,False,False,False,False,False,False,False,True,False,False,False,False,True,False,True
4768.T,2022-12-31,Technology,False,False,True,True,True,False,False,True,False,False,False,True,True,False,True
4770.T,2023-03-31,Technology,True,False,True,True,True,False,True,True,False,True,True,True,False,False,False
4771.T,2023-03-31,Industrials,False,True,True,True,True,False,False,True,False,True,True,True,True,True,True
4772.T,2022-12-31,Communication Services,False,False,False,False,False,False,True,True,False,False,False,True,False,False,True
4776.T,2022-12-31,Technology,False,False,False,False,True,False,False,False,False,False,True,True,True,True,True
4777.T,2023-03-31,Communication Services,True,False,True,True,True,False,False,True,False,True,True,True,False,False,False
4781.T,2023-03-31,Real Estate,False,False,True,True,True,False,False,True,False,False,False,True,True,False,False
4783.T,2023-03-31,Technology,True,False,True,True,True,False,True,True,False,True,False,True,True,False,True
4784.T,2022-12-31,Technology,False,True,False,False,True,False,False,True,False,True,True,True,True,False,False
4792.T,2023-03-31,Industrials,False,True,True,True,True,False,False,True,False,True,False,True,True,False,False
4800.T,2023-03-31,Communication Services,False,True,True,True,True,True,True,True,False,False,False,True,True,False,False
4801.T,2023-03-31,Consumer Cyclical,False,False,False,False,True,False,False,True,False,False,False,True,False,False,False
4812.T,2022-12-31,Technology,True,True,True,True,True,False,False,True,False,True,True,True,True,True,True
4813.T,2023-01-31,Technology,False,False,False,False,True,False,True,True,False,False,False,True,False,False,True
4814.T,2023-03-31,Technology,False,False,False,False,False,False,False,True,False,False,False,False,False,False,True
4816.T,2023-03-31,Communication Services,True,False,True,True,True,True,False,True,False,True,True,True,True,False,False
4819.T,2023-03-31,Technology,False,False,False,False,True,True,True,True,False,False,True,True,False,False,False
4824.T,2023-07-31,Technology,False,False,False,False,False,False,False,True,False,True,False,True,True,False,False
4825.T,2023-05-31,Communication Services,False,True,True,True,True,False,False,True,False,True,True,True,True,True,False
4826.T,2023-06-30,Technology,False,False,False,True,True,False,False,True,False,True,True,True,True,False,True
4828.T,2023-03-31,Technology,True,True,True,True,True,True,False,True,False,True,True,True,True,False,False
4829.T,2023-05-31,Technology,True,False,False,False,True,False,False,True,False,True,True,True,True,False,False
4832.T,2023-03-31,Technology,False,False,True,True,True,False,True,True,False,True,True,True,True,False,True
4833.T,2023-03-31,Communication Services,False,False,False,False,False,False,True,True,False,False,False,False,False,False,True
4837.T,2023-03-31,Consumer Defensive,False,False,True,True,True,False,True,True,False,False,True,True,False,False,False
4838.T,2023-03-31,Communication Services,False,False,False,False,True,False,True,True,False,False,True,True,False,False,True
4839.T,2023-03-31,Communication Services,False,False,False,False,True,False,False,True,True,False,False,True,True,False,False
4840.T,2022-12-31,Industrials,False,False,False,True,False,False,True,True,True,True,True,False,False,False,True
4845.T,2023-06-30,Technology,False,False,False,False,True,False,True,True,False,True,False,True,False,False,True
4847.T,2023-06-30,Technology,False,True,True,True,True,False,False,True,False,True,True,True,True,True,True
4848.T,2022-12-31,Industrials,True,False,True,True,True,True,True,True,False,True,True,True,True,False,False
4849.T,2023-03-31,Industrials,False,False,False,True,True,False,False,True,False,False,False,True,True,False,True
4881.T,2022-12-31,Healthcare,False,False,False,False,False,False,True,True,False,False,False,False,False,False,True
4882.T,2023-03-31,Healthcare,True,False,False,False,False,False,True,True,False,False,False,False,False,False,False
4883.T,2022-12-31,Healthcare,True,False,False,False,False,False,True,True,False,False,False,False,False,False,False
4885.T,2023-05-31,Basic Materials,False,False,True,True,True,False,True,True,False,False,False,True,True,False,True
4889.T,2023-03-31,Healthcare,False,False,False,False,False,False,True,True,False,False,False,False,False,False,False
4890.T,2023-03-31,Healthcare,False,False,False,False,True,False,False,True,False,False,True,True,True,False,False
4901.T,2023-03-31,Industrials,False,True,False,True,True,False,True,True,False,False,False,True,True,False,True
4902.T,2023-03-31,Industrials,True,False,False,False,True,False,True,True,True,False,True,True,False,False,False
4911.T,2022-12-31,Consumer Defensive,False,False,False,False,True,False,False,True,False,False,False,True,False,False,True
4912.T,2022-12-31,Consumer Defensive,False,False,False,False,True,False,False,True,False,False,True,True,True,True,True
4914.T,2023-03-31,Basic Materials,False,False,False,False,True,False,True,True,True,False,True,True,True,False,True
4917.T,2023-03-31,Consumer Defensive,False,False,False,False,True,False,False,True,False,True,True,True,False,False,False
4918.T,2023-03-31,Consumer Defensive,False,False,False,False,True,False,True,True,False,False,True,True,False,False,True
4919.T,2022-12-31,Consumer Defensive,False,False,True,True,True,False,False,True,False,False,False,True,True,False,True
4920.T,2023-02-28,Consumer Defensive,False,False,False,False,True,False,False,False,False,True,True,True,False,False,True
4921.T,2023-03-31,Consumer Defensive,False,False,False,False,True,True,False,True,False,False,True,True,True,False,True
4923.T,2023-03-31,Consumer Defensive,False,True,True,True,True,False,False,True,False,True,False,True,True,True,False
4925.T,2023-03-31,Consumer Defensive,True,False,False,False,True,False,True,True,True,False,False,True,False,False,True
4926.T,2023-03-31,Consumer Defensive,False,False,False,False,False,False,True,True,False,False,True,False,False,False,False
4927.T,2022-12-31,Consumer Defensive,False,False,False,True,True,False,False,True,False,False,False,True,True,False,True
4929.T,2023-03-31,Consumer Defensive,False,True,False,True,False,False,False,True,False,False,False,False,False,False,True
4930.T,2023-06-30,Consumer Defensive,True,False,False,True,True,False,True,True,True,True,True,True,True,True,True
4932.T,2023-03-31,Consumer Defensive,False,False,True,True,True,True,False,True,False,True,True,True,True,False,True
4933.T,2022-12-31,Consumer Defensive,True,True,True,True,True,False,False,True,False,True,False,True,True,True,False
4934.T,2023-07-31,Consumer Defensive,False,False,False,False,True,False,True,True,False,False,True,True,False,False,False
4935.T,2022-12-31,Consumer Defensive,False,False,False,False,False,False,True,False,True,False,True,False,True,False,True
4936.T,2023-07-31,Consumer Defensive,True,True,True,True,True,False,False,True,False,True,False,True,True,True,False
4951.T,2023-03-31,Consumer Defensive,True,False,False,False,True,False,False,True,False,True,True,True,True,False,False
4955.T,2022-12-31,Basic Materials,True,False,False,False,True,False,False,True,False,True,True,True,True,False,True
4956.T,2023-03-31,Basic Materials,True,True,True,True,True,False,True,True,True,True,True,True,True,False,True
4957.T,2023-03-31,Basic Materials,False,False,False,False,False,False,True,True,True,False,True,False,False,False,True
4960.T,2023-03-31,Basic Materials,False,False,False,False,False,False,False,True,False,False,False,False,True,False,True
4963.T,2022-12-31,Basic Materials,False,False,False,False,True,False,True,True,True,False,True,True,True,False,True
4966.T,2023-03-31,Basic Materials,False,True,True,True,True,True,True,True,False,True,True,True,True,True,True
4967.T,2022-12-31,Consumer Defensive,False,True,True,True,True,False,False,True,False,True,False,True,True,False,False
4968.T,2023-03-31,Basic Materials,False,False,False,False,False,False,True,True,True,False,True,True,False,False,True
4970.T,2023-03-31,Basic Materials,False,True,True,True,True,False,False,True,False,False,False,True,True,True,True
4971.T,2022-12-31,Basic Materials,False,True,True,True,True,True,True,True,False,False,True,True,True,True,True
4972.T,2023-03-31,Basic Materials,False,False,False,False,True,False,True,True,True,False,False,True,True,False,True
4973.T,2023-03-31,Basic Materials,False,False,False,False,True,True,False,True,False,False,True,True,True,False,True
4974.T,2023-03-31,Healthcare,False,False,True,True,True,True,True,True,False,False,True,True,True,True,False
4975.T,2023-03-31,Basic Materials,False,False,True,True,True,True,True,True,False,False,True,True,True,False,True
4976.T,2023-06-30,Basic Materials,False,False,False,False,True,False,True,True,True,False,False,True,True,False,True
4977.T,2023-03-31,Basic Materials,True,False,False,False,False,False,True,True,True,True,False,True,False,False,False
4978.T,2023-03-31,Healthcare,False,True,False,False,False,False,True,True,False,True,False,True,False,True,True
4979.T,2022-12-31,Basic Materials,True,True,True,True,True,False,True,True,False,True,False,True,True,False,True
4980.T,2023-03-31,Technology,False,True,True,True,True,False,True,True,False,True,False,True,True,True,True
4985.T,2022-12-31,Consumer Defensive,False,False,False,False,True,False,False,True,False,False,False,True,True,False,True
4987.T,2023-03-31,Basic Materials,False,False,False,False,True,False,True,True,True,False,False,True,False,False,True
4990.T,2023-03-31,Basic Materials,True,False,False,False,True,False,True,True,True,True,False,True,True,False,False
4994.T,2023-03-31,Consumer Cyclical,False,False,False,True,True,False,True,True,True,False,True,True,True,False,False
4998.T,2023-03-31,Basic Materials,False,False,False,False,True,False,False,True,True,False,True,True,True,True,True
5009.T,2023-03-31,Energy,False,False,False,False,True,False,False,True,False,False,False,True,True,False,True
5010.T,2022-12-31,Energy,False,False,False,False,False,False,True,False,True,False,True,False,False,False,False
5011.T,2023-03-31,Basic Materials,False,False,False,True,True,False,True,True,True,False,False,True,True,True,True
5013.T,2023-03-31,Basic Materials,True,False,False,False,True,False,True,True,True,True,True,True,True,False,True
5015.T,2022-12-31,Energy,False,False,False,False,True,False,False,True,False,False,True,False,True,False,True
5017.T,2023-03-31,Energy,False,False,False,False,False,False,True,False,True,False,True,False,False,False,True
5018.T,2023-02-28,Basic Materials,False,False,False,False,True,False,False,True,True,False,True,True,True,False,True
5019.T,2023-03-31,Energy,False,False,True,True,False,False,True,True,True,False,False,False,False,False,True
5020.T,2023-03-31,Energy,False,False,False,False,False,False,True,True,True,False,False,True,False,False,True
5021.T,2023-03-31,Energy,False,False,True,False,True,False,True,True,True,False,True,True,False,False,True
5025.T,2023-02-28,Technology,False,False,True,True,True,False,False,True,False,False,False,True,True,False,False
5026.T,2023-08-31,Technology,False,False,False,False,False,False,False,False,False,False,True,True,False,False,False
5028.T,2023-03-31,Technology,True,True,True,True,True,False,False,True,False,False,True,True,True,True,False
5029.T,2023-03-31,Technology,False,False,False,False,False,False,False,True,False,False,True,True,False,True,False
5031.T,2023-01-31,Technology,False,False,False,False,False,False,False,True,False,False,True,True,False,True,True
5032.T,2023-04-30,Communication Services,True,True,True,True,True,True,False,True,False,True,True,True,True,True,False
5033.T,2023-03-31,Technology,False,False,False,False,True,False,False,True,False,False,True,True,False,True,False
5034.T,2023-06-30,Communication Services,False,False,False,False,True,False,False,True,False,False,True,True,False,True,False
5071.T,2023-03-31,Industrials,True,False,True,True,True,False,True,True,False,True,True,True,True,False,False
5074.T,2023-06-30,Utilities,False,True,True,False,True,False,True,True,True,True,False,True,True,False,False
5078.T,2023-02-28,Real Estate,False,False,False,False,False,False,True,True,True,False,False,False,True,False,False
5079.T,2023-04-30,Industrials,False,False,True,True,True,False,True,True,True,False,True,True,True,False,True
5101.T,2022-12-31,Consumer Cyclical,False,False,False,False,True,False,True,True,True,False,True,True,True,False,True
5103.T,2023-03-31,Basic Materials,False,False,False,False,True,False,True,True,False,True,True,False,False,False,True
5105.T,2022-12-31,Consumer Cyclical,True,False,True,True,True,False,True,True,True,True,False,True,True,False,True
5108.T,2022-12-31,Consumer Cyclical,False,False,False,True,True,False,True,True,False,False,False,True,False,False,True
5110.T,2022-12-31,Consumer Cyclical,False,False,False,False,True,False,False,True,True,False,False,True,True,False,True
5121.T,2023-03-31,Consumer Cyclical,False,False,True,True,True,False,True,True,True,False,True,True,True,False,True
5122.T,2023-03-31,Basic Materials,False,False,False,False,True,False,False,True,True,False,True,True,True,False,True
5125.T,2023-06-30,Communication Services,False,True,True,True,True,True,True,True,False,False,True,True,True,True,False
5127.T,2023-08-31,Industrials,True,True,True,True,True,True,False,True,False,False,True,True,True,True,True
5129.T,2023-08-31,Technology,False,False,True,True,True,False,False,True,False,False,True,True,True,False,True
5131.T,2023-07-31,Industrials,True,False,False,False,True,False,False,True,False,True,True,True,True,False,False
5142.T,2023-03-31,Basic Materials,False,False,False,False,False,False,True,True,True,False,False,True,False,False,True
5161.T,2023-03-31,Consumer Cyclical,False,False,False,False,True,False,True,True,True,False,True,True,True,False,True
5162.T,2023-03-31,Consumer Cyclical,False,False,False,False,True,False,True,True,True,False,False,True,True,False,True
5184.T,2022-12-31,Consumer Cyclical,False,False,False,True,True,False,True,True,True,False,True,True,True,False,True
5185.T,2023-03-31,Consumer Cyclical,False,True,False,False,True,False,True,True,True,False,True,True,True,False,True
5186.T,2023-03-31,Industrials,False,False,False,True,True,False,True,True,True,False,True,True,True,False,True
5187.T,2022-12-31,Healthcare,False,False,False,False,True,False,False,True,True,False,True,True,True,False,True
5189.T,2023-03-31,Consumer Cyclical,False,False,False,False,False,False,True,True,True,True,False,False,False,False,False
5191.T,2023-03-31,Consumer Cyclical,False,False,False,False,True,False,True,True,True,True,True,True,False,False,True
5192.T,2023-03-31,Industrials,False,False,False,True,True,False,False,True,False,True,True,True,True,False,True
5194.T,2023-03-31,Consumer Defensive,False,False,False,False,True,True,True,True,True,False,True,True,True,False,False
5195.T,2023-03-31,Industrials,True,False,False,False,True,False,True,True,True,True,False,True,True,False,True
5199.T,2023-03-31,Basic Materials,False,False,True,False,True,False,True,True,True,True,True,True,False,False,False
5201.T,2022-12-31,Basic Materials,False,False,False,False,True,False,True,True,True,False,True,True,False,False,True
5202.T,2023-03-31,Consumer Cyclical,False,False,False,False,True,False,True,False,True,False,True,True,False,False,True
5204.T,2023-03-31,Consumer Cyclical,False,False,False,False,True,False,False,True,True,False,True,True,False,False,True
5208.T,2023-03-31,Technology,False,False,False,False,True,False,True,True,True,False,True,True,True,False,False
5210.T,2023-03-31,Consumer Cyclical,False,False,False,False,True,False,True,True,True,True,False,True,False,False,True
5212.T,2023-03-31,Healthcare,False,False,False,False,True,False,False,True,True,True,False,True,True,True,False
5214.T,2022-12-31,Technology,False,True,False,False,True,False,True,True,True,False,False,True,False,False,True
5216.T,2022-12-31,Technology,False,False,False,False,True,False,False,True,False,False,False,True,False,False,True
5217.T,2023-03-31,Technology,True,True,True,True,True,False,True,True,True,True,True,True,True,True,False
5232.T,2023-03-31,Basic Materials,False,False,False,False,False,False,True,True,True,False,True,True,False,False,True
5233.T,2023-03-31,Basic Materials,False,False,False,False,False,False,True,True,True,False,True,True,False,False,True
5237.T,2023-03-31,Industrials,False,False,False,False,True,False,False,True,True,False,False,True,True,False,True
5244.T,2023-03-31,Technology,False,False,True,True,True,False,False,True,False,True,True,True,False,False,False
5261.T,2023-03-31,Consumer Cyclical,True,True,False,False,True,False,False,True,False,True,True,True,True,False,False
5262.T,2023-03-31,Industrials,False,False,False,False,True,False,True,True,True,False,False,True,True,False,True
5268.T,2023-03-31,Industrials,False,False,False,False,True,False,False,True,True,False,True,True,True,False,True
5269.T,2023-03-31,Basic Materials,False,False,False,False,True,False,True,True,True,False,False,True,False,False,True
5271.T,2023-02-28,Industrials,False,False,False,False,True,False,True,False,True,False,False,True,False,True,True
5273.T,2023-03-31,Industrials,True,False,True,True,True,False,True,True,False,True,True,True,True,False,False
5277.T,2023-03-31,Industrials,True,False,False,False,False,False,True,True,True,False,False,False,False,False,False
5279.T,2023-03-31,Industrials,False,False,False,False,True,False,True,True,True,False,True,True,True,False,True
5280.T,2023-03-31,Real Estate,False,False,False,False,False,False,True,True,True,False,False,False,True,False,True
5282.T,2023-03-31,Basic Materials,False,False,False,False,True,True,False,True,True,False,True,True,True,False,False
5283.T,2023-06-30,Basic Materials,True,False,False,False,True,False,True,True,True,True,True,True,True,True,True
5284.T,2023-03-31,Basic Materials,False,False,True,True,True,False,True,True,True,False,False,True,True,False,True
5285.T,2023-03-31,Basic Materials,True,False,False,False,True,False,True,True,True,True,True,True,True,False,True
5287.T,2023-03-31,Industrials,False,False,False,False,True,False,True,True,True,False,True,True,True,False,False
5288.T,2023-03-31,Basic Materials,True,False,False,False,True,False,True,True,True,True,True,True,True,False,False
5290.T,2023-03-31,Basic Materials,False,False,True,True,True,False,True,True,False,False,False,True,True,False,True
5301.T,2022-12-31,Basic Materials,True,False,False,False,True,False,True,True,True,True,False,True,True,False,True
5302.T,2022-12-31,Basic Materials,False,False,False,False,True,True,True,True,True,True,True,True,True,False,True
5304.T,2023-03-31,Basic Materials,True,False,False,True,True,False,True,True,True,True,False,True,True,False,True
5310.T,2022-12-31,Industrials,False,False,False,True,True,False,False,True,False,True,False,True,True,False,True
5331.T,2023-03-31,Industrials,False,False,False,True,False,False,True,True,True,True,True,True,True,False,True
5332.T,2023-03-31,Industrials,False,False,False,True,True,False,False,True,False,False,True,True,True,False,False
5333.T,2023-03-31,Industrials,False,False,False,True,True,False,True,True,True,False,True,True,True,True,True
5334.T,2023-03-31,Consumer Cyclical,False,True,True,True,True,False,True,True,True,True,True,True,True,True,True
5337.T,2022-12-31,Industrials,False,False,False,False,False,False,True,True,False,True,False,False,False,False,True
5344.T,2023-03-31,Technology,False,True,True,True,True,True,True,True,False,False,True,True,True,True,True
5351.T,2023-03-31,Industrials,True,False,True,True,True,False,True,True,True,True,True,True,True,False,True
5352.T,2023-03-31,Basic Materials,True,False,True,True,True,False,True,True,True,True,False,True,True,False,True
5355.T,2023-03-31,Industrials,False,False,False,False,True,False,False,True,True,False,False,True,True,False,True
5357.T,2023-03-31,Basic Materials,False,False,False,True,True,False,True,True,False,False,False,True,True,False,True
5363.T,2023-03-31,Basic Materials,False,False,False,False,True,False,True,True,True,True,False,True,True,False,True
5367.T,2023-03-31,Industrials,False,False,False,False,True,False,True,True,True,True,True,True,True,False,True
5368.T,2023-03-31,Industrials,False,False,False,False,True,True,True,True,True,False,True,True,True,False,True
5380.T,2023-06-30,Industrials,False,False,False,False,True,False,False,True,True,True,False,True,False,False,True
5381.T,2023-03-31,Basic Materials,False,False,False,False,False,False,False,True,True,False,True,True,False,False,True
5384.T,2023-03-31,Technology,False,True,True,True,True,False,False,True,False,True,True,True,True,True,True
5386.T,2023-03-31,Industrials,False,False,False,False,False,False,True,True,True,False,False,True,False,False,True
5388.T,2023-03-31,Basic Materials,False,False,False,False,True,False,True,True,True,False,False,True,True,False,True
5391.T,2023-03-31,Industrials,False,False,False,False,False,False,True,True,True,False,False,False,True,False,True
5393.T,2023-03-31,Industrials,False,False,True,True,True,False,True,True,False,False,True,True,True,False,True
5395.T,2022-12-31,Basic Materials,True,True,True,True,True,False,True,True,True,True,True,False,False,False,False
5401.T,2023-03-31,Basic Materials,False,True,True,True,True,False,True,True,True,False,True,True,False,False,True
5406.T,2023-03-31,Basic Materials,False,True,False,False,True,False,True,True,True,True,False,True,False,False,True
5408.T,2023-03-31,Basic Materials,True,False,True,True,True,False,True,True,True,True,True,True,True,False,True
5410.T,2023-03-31,Basic Materials,False,False,True,False,True,False,True,True,True,True,True,True,False,False,True
5411.T,2023-03-31,Basic Materials,False,False,False,False,True,False,True,True,True,False,True,True,False,False,True
5423.T,2023-03-31,Basic Materials,False,False,True,True,True,False,True,True,False,False,True,True,True,False,True
5440.T,2023-03-31,Basic Materials,True,False,False,False,True,False,True,True,True,True,True,True,True,False,True
5444.T,2023-03-31,Basic Materials,True,False,True,True,True,True,True,True,True,True,True,True,True,False,True
5445.T,2023-03-31,Basic Materials,False,False,False,True,True,False,True,True,True,True,True,True,False,True,True
5446.T,2023-03-31,Basic Materials,False,False,False,False,True,False,True,True,True,True,False,True,False,False,False
5449.T,2023-03-31,Basic Materials,False,False,False,False,True,False,False,True,True,True,True,True,True,False,True
5451.T,2023-03-31,Basic Materials,False,True,False,False,True,False,True,True,True,True,True,True,True,False,True
5458.T,2023-03-31,Basic Materials,False,False,True,True,False,False,True,True,True,False,False,False,True,False,False
5461.T,2023-03-31,Basic Materials,True,False,True,True,True,True,True,True,True,True,False,True,True,False,False
5463.T,2023-03-31,Basic Materials,False,False,False,True,True,False,True,True,True,False,True,True,True,True,True
5464.T,2023-03-31,Basic Materials,False,False,True,True,True,False,True,True,True,True,True,True,True,False,True
5471.T,2023-03-31,Basic Materials,True,False,False,False,True,False,True,True,True,True,True,True,True,False,True
5476.T,2023-03-31,Basic Materials,False,False,False,False,False,False,True,True,True,False,True,False,False,False,True
5480.T,2023-03-31,Basic Materials,True,False,True,True,True,False,True,True,True,True,False,True,True,False,True
5481.T,2023-03-31,Basic Materials,True,False,False,True,True,False,True,True,True,True,True,True,False,False,True
5482.T,2023-03-31,Basic Materials,True,False,False,False,True,False,False,True,True,True,True,True,True,False,True
5484.T,2023-03-31,Basic Materials,False,False,False,False,True,False,True,True,True,False,False,True,True,False,True
5491.T,2023-03-31,Basic Materials,False,False,False,False,False,False,True,True,True,False,False,True,False,False,False
5541.T,2023-03-31,Basic Materials,False,False,False,False,False,False,True,True,True,False,False,False,False,False,False
5542.T,2022-12-31,Basic Materials,True,False,True,True,True,False,True,True,True,True,False,True,True,False,True
5563.T,2022-12-31,Basic Materials,False,True,True,True,True,False,True,True,True,False,False,True,False,False,False
5602.T,2023-03-31,Basic Materials,True,False,False,False,True,False,True,True,True,True,False,True,True,False,True
5603.T,2023-03-31,Industrials,True,False,False,False,False,False,True,True,True,True,False,True,True,False,True
5609.T,2023-03-31,Basic Materials,False,False,False,False,True,False,True,True,True,False,True,True,True,False,True
5610.T,2022-12-31,Industrials,False,False,False,False,False,False,True,True,True,True,False,False,False,False,False
5612.T,2023-03-31,Industrials,True,False,False,False,False,False,True,True,True,True,False,True,True,True,True
5631.T,2023-03-31,Industrials,False,False,False,False,False,False,False,True,False,False,False,False,True,False,True
5632.T,2023-03-31,Basic Materials,False,False,False,False,False,False,True,True,True,False,True,False,False,False,True
5644.T,2023-03-31,Industrials,True,True,True,True,True,False,True,True,True,True,True,True,True,False,True
5658.T,2023-03-31,Industrials,False,False,False,False,False,False,True,True,True,False,False,True,True,False,False
5659.T,2023-03-31,Industrials,False,False,False,True,True,False,True,True,True,False,False,True,True,False,True
5660.T,2023-03-31,Basic Materials,True,False,False,False,True,False,True,True,True,True,False,True,True,False,True
5695.T,2023-03-31,Basic Materials,False,False,False,False,True,False,True,True,True,False,False,True,True,False,True
5697.T,2023-03-31,Basic Materials,False,False,False,False,True,False,True,True,True,False,False,True,True,False,True
5698.T,2023-06-30,Industrials,False,False,False,False,True,False,True,True,False,False,False,True,True,False,True
5699.T,2022-12-31,Industrials,False,False,False,True,True,False,True,True,False,False,False,True,True,False,False
5702.T,2023-03-31,Basic Materials,False,False,True,True,True,False,True,True,True,False,True,True,True,False,True
5703.T,2023-03-31,Basic Materials,False,False,False,False,True,False,True,True,True,False,False,True,True,False,True
5704.T,2022-12-31,Industrials,True,False,True,True,True,False,False,True,False,True,True,True,False,False,False
5706.T,2023-03-31,Industrials,False,False,False,False,True,False,False,True,True,False,False,True,True,True,True
5707.T,2023-03-31,Basic Materials,False,False,False,False,True,False,False,True,True,False,True,True,False,True,False
5711.T,2023-03-31,Basic Materials,False,False,False,False,True,False,True,True,True,False,False,True,False,False,True
5713.T,2023-03-31,Basic Materials,False,False,False,True,True,False,True,True,True,False,True,True,True,True,True
5714.T,2023-03-31,Basic Materials,False,False,False,False,True,False,True,True,True,False,True,True,True,False,True
5715.T,2023-03-31,Basic Materials,False,False,False,False,True,False,True,True,True,False,False,True,True,False,True
5721.T,2023-03-31,Industrials,False,False,False,False,False,False,True,True,False,True,False,True,False,True,False
5726.T,2023-03-31,Basic Materials,False,False,True,True,True,False,False,True,False,True,False,True,False,False,True
5727.T,2023-03-31,Basic Materials,True,False,True,True,True,False,False,True,False,True,True,True,False,False,True
5729.T,2023-03-31,Basic Materials,False,False,False,False,True,False,True,True,True,False,False,True,True,False,True
5741.T,2023-03-31,Basic Materials,False,False,False,False,True,False,False,True,True,False,True,True,False,False,True
5742.T,2023-03-31,Basic Materials,False,False,False,False,True,False,True,True,False,False,False,True,False,False,True
5753.T,2023-03-31,Basic Materials,False,False,False,True,True,False,True,True,True,False,False,True,True,False,False
5757.T,2023-03-31,Industrials,False,False,True,True,True,False,True,True,True,True,True,True,True,False,False
5759.T,2023-03-31,Industrials,False,False,False,False,True,False,True,True,False,False,True,True,False,False,True
5781.T,2023-03-31,Basic Materials,False,False,False,False,True,False,True,True,True,False,False,True,False,False,True
5801.T,2023-03-31,Industrials,True,False,False,False,True,False,True,True,True,True,False,True,True,False,False
5802.T,2023-03-31,Consumer Cyclical,False,False,False,False,True,False,True,True,True,True,True,True,True,False,True
5803.T,2023-03-31,Industrials,False,True,True,True,True,False,True,True,True,False,True,True,False,False,True
5805.T,2023-03-31,Industrials,False,False,True,True,True,False,True,True,True,False,True,True,True,False,True
5809.T,2023-03-31,Industrials,False,False,False,False,True,False,False,True,False,False,False,True,True,False,False
5816.T,2022-12-31,Industrials,True,True,True,True,True,False,True,True,True,True,True,True,True,False,True
5817.T,2023-02-28,Technology,True,False,False,False,False,False,True,True,True,True,False,False,False,False,True
5819.T,2022-12-31,Industrials,False,False,False,False,True,False,True,True,True,True,False,True,True,False,True
5820.T,2023-03-31,Industrials,False,False,False,False,True,False,True,True,False,False,True,True,False,False,False
5821.T,2023-03-31,Industrials,True,False,False,True,True,False,True,True,True,True,False,True,True,False,True
5851.T,2022-12-31,Industrials,False,False,False,False,True,False,True,True,True,True,False,True,False,False,True
5852.T,2023-03-31,Industrials,False,False,False,False,True,False,True,True,True,True,True,True,False,False,True
5856.T,2023-03-31,Industrials,False,False,False,False,False,False,True,True,False,False,False,True,False,False,False
5857.T,2023-03-31,Industrials,False,False,True,False,True,True,True,True,False,False,True,True,True,True,False
5900.T,2023-02-28,Industrials,False,False,False,False,True,False,True,True,True,True,False,True,True,False,True
5901.T,2023-03-31,Consumer Cyclical,False,False,False,False,False,False,False,True,True,False,False,True,False,False,True
5902.T,2023-03-31,Consumer Cyclical,True,False,False,False,True,False,True,True,True,False,True,True,False,False,True
5903.T,2023-06-30,Industrials,False,True,True,True,True,True,True,True,False,True,True,True,True,False,False
5905.T,2023-03-31,Consumer Cyclical,False,False,False,False,True,False,True,True,True,True,False,True,True,False,True
5906.T,2023-03-31,Technology,True,True,False,False,True,False,True,True,True,True,True,True,True,False,False
5909.T,2023-03-31,Consumer Cyclical,True,True,False,False,True,False,False,True,True,True,True,True,True,False,True
5911.T,2023-03-31,Industrials,False,False,False,True,False,False,True,True,True,False,True,False,True,False,True
5915.T,2023-03-31,Industrials,False,False,False,False,False,False,False,True,True,False,False,False,False,False,True
5918.T,2023-03-31,Industrials,True,False,False,False,False,False,False,True,True,True,False,False,True,False,True
5922.T,2023-03-31,Industrials,False,False,False,False,True,False,True,True,True,False,False,True,True,False,False
5923.T,2023-03-31,Industrials,False,False,False,False,False,False,False,True,True,False,False,False,True,False,True
5928.T,2023-03-31,Industrials,False,False,False,False,True,False,True,True,True,False,True,True,False,False,False
5929.T,2023-03-31,Industrials,True,False,True,True,True,False,True,True,False,True,True,True,True,False,True
5930.T,2023-03-31,Industrials,False,False,False,False,True,False,True,True,True,True,False,True,True,False,False
5932.T,2023-05-31,Industrials,True,False,False,False,False,False,False,True,True,True,True,True,False,False,False
5933.T,2023-03-31,Technology,True,False,False,False,True,False,True,True,True,True,True,True,True,False,True
5935.T,2023-03-31,Industrials,True,False,True,True,True,False,False,True,False,True,True,True,True,False,False
5936.T,2023-03-31,Industrials,True,False,False,False,True,False,True,True,True,True,True,True,True,False,True
5938.T,2023-03-31,Industrials,False,False,False,False,True,False,False,True,True,False,True,True,True,False,False
5939.T,2023-03-31,Industrials,True,False,False,False,True,False,False,True,False,True,False,True,True,True,True
5940.T,2023-03-31,Industrials,False,False,False,False,True,False,False,False,True,True,False,True,False,False,True
5941.T,2023-03-31,Consumer Cyclical,False,False,False,False,False,False,True,True,True,False,False,False,True,False,False
5943.T,2022-12-31,Industrials,False,False,False,False,True,False,True,True,True,False,False,True,False,False,True
5945.T,2023-03-31,Industrials,False,False,False,False,True,False,True,True,True,False,True,True,True,False,True
5946.T,2022-12-31,Consumer Cyclical,True,True,False,False,True,False,False,True,True,True,True,True,True,False,True
5947.T,2023-03-31,Consumer Cyclical,False,False,False,False,True,False,False,True,False,True,False,True,True,True,False
5949.T,2023-03-31,Consumer Cyclical,False,False,False,False,True,False,False,True,True,True,True,True,False,False,True
5950.T,2022-12-31,Industrials,False,False,False,False,False,False,False,True,True,False,False,True,False,False,False
5951.T,2023-03-31,Consumer Cyclical,False,False,False,False,True,False,True,True,True,True,True,True,True,False,False
5952.T,2023-03-31,Industrials,True,False,False,False,False,False,False,False,False,True,False,True,False,False,True
5955.T,2023-03-31,Industrials,False,False,False,False,True,False,False,True,True,False,False,True,True,False,True
5956.T,2023-03-31,Consumer Cyclical,False,False,False,False,True,False,True,True,True,False,False,True,True,False,True
5957.T,2022-12-31,Industrials,False,False,False,False,True,False,True,True,True,False,False,True,True,False,True
5958.T,2023-03-31,Industrials,True,False,False,True,True,False,True,True,True,True,True,True,True,False,True
5959.T,2022-12-31,Industrials,True,False,False,False,True,False,True,True,True,True,False,True,True,False,True
5962.T,2023-03-31,Industrials,False,False,False,False,True,False,True,True,True,False,False,True,True,True,True
5965.T,2022-12-31,Consumer Cyclical,True,False,False,False,True,False,True,True,True,True,False,True,True,False,True
5966.T,2023-03-31,Industrials,False,False,False,False,True,False,True,True,True,True,False,True,True,False,True
5967.T,2023-05-31,Industrials,False,False,False,True,True,False,True,True,False,True,True,True,True,True,True
5969.T,2023-03-31,Industrials,False,True,False,False,True,False,True,True,True,True,True,True,True,False,True
5970.T,2023-03-31,Consumer Cyclical,True,True,False,False,True,False,True,True,True,True,True,True,True,False,True
5971.T,2023-04-30,Industrials,False,True,False,True,True,False,True,True,True,False,True,True,True,False,True
5973.T,2023-03-31,Basic Materials,False,False,False,False,False,False,True,True,True,False,False,True,False,False,True
5974.T,2023-03-31,Utilities,True,True,False,False,False,False,True,True,True,True,False,True,True,False,True
5975.T,2023-03-31,Consumer Cyclical,False,False,False,False,True,False,True,True,True,False,False,True,True,True,True
5976.T,2023-03-31,Basic Materials,False,False,False,False,True,False,False,True,True,False,False,True,True,False,True
5982.T,2023-02-28,Industrials,False,False,False,False,True,False,True,True,True,False,True,True,True,False,True
5983.T,2023-03-31,Industrials,False,False,False,False,True,False,True,True,True,True,False,True,True,False,False
5984.T,2023-03-31,Industrials,False,False,False,False,True,False,True,True,True,False,False,True,True,False,True
5985.T,2023-03-31,Consumer Cyclical,False,False,False,False,True,False,False,True,True,False,True,True,True,False,False
5986.T,2023-03-31,Basic Materials,False,False,False,False,False,False,True,True,True,False,True,True,False,False,True
5987.T,2023-06-30,Industrials,False,False,False,False,True,False,True,True,True,True,True,True,False,False,True
5988.T,2023-03-31,Consumer Cyclical,False,False,False,False,True,False,False,True,True,False,False,True,True,False,True
5989.T,2023-03-31,Consumer Cyclical,True,False,False,False,True,False,True,True,True,False,True,True,False,False,True
5990.T,2023-03-31,Industrials,False,False,False,False,False,False,True,True,True,False,False,False,True,False,True
5991.T,2023-03-31,Consumer Cyclical,False,False,False,False,True,False,True,True,True,False,False,True,True,False,True
5992.T,2023-03-31,Consumer Cyclical,False,False,False,False,True,False,False,True,True,False,True,True,True,False,True
5997.T,2022-12-31,Industrials,False,False,False,False,True,False,True,True,True,False,False,True,True,False,True
5998.T,2023-03-31,Industrials,False,False,False,False,True,False,False,False,True,True,True,True,False,False,False
6005.T,2023-03-31,Industrials,False,False,False,True,True,False,False,True,False,True,False,True,True,False,False
6013.T,2023-03-31,Industrials,False,False,False,True,True,True,True,True,False,True,True,True,True,False,True
6016.T,2023-03-31,Industrials,True,False,True,False,True,False,True,True,True,True,True,True,True,True,True
6018.T,2023-03-31,Industrials,False,False,False,False,True,False,True,True,True,True,True,True,True,False,True
6022.T,2023-03-31,Industrials,True,False,False,False,True,False,True,True,True,True,False,True,False,False,True
6023.T,2023-03-31,Industrials,True,False,False,False,True,False,True,True,True,True,False,True,True,False,True
6026.T,2022-12-31,Communication Services,False,False,False,False,False,False,True,False,False,False,True,True,False,True,True
6027.T,2023-03-31,Industrials,False,False,True,True,True,False,False,True,False,False,False,True,True,True,True
6028.T,2023-06-30,Industrials,False,False,True,True,True,True,False,True,False,False,False,True,True,True,False
6029.T,2022-12-31,Healthcare,False,False,False,False,False,False,False,False,False,True,False,True,False,False,True
6030.T,2023-06-30,Consumer Cyclical,True,True,True,True,True,True,False,True,False,False,True,True,True,False,False
6031.T,2023-06-30,Communication Services,False,False,True,True,True,False,True,True,False,True,False,True,False,False,False
6033.T,2023-03-31,Communication Services,True,False,True,True,True,True,True,True,False,True,True,True,True,False,False
6035.T,2023-03-31,Industrials,False,False,True,True,True,False,False,True,False,False,False,True,True,False,False
6036.T,2023-06-30,Basic Materials,True,True,True,True,True,True,False,True,False,False,True,True,True,True,False
6037.T,2023-07-31,Communication Services,False,False,True,True,True,True,True,True,False,False,True,True,True,True,False
6038.T,2023-06-30,Communication Services,False,False,False,False,True,False,True,True,True,False,False,True,True,True,True
6039.T,2023-03-31,Consumer Cyclical,True,False,True,False,True,False,True,True,False,False,True,True,True,True,False
6040.T,2023-07-31,Consumer Cyclical,True,False,True,True,True,False,False,True,False,True,False,True,False,False,False
6042.T,2023-03-31,Consumer Cyclical,False,False,False,False,True,False,True,True,True,False,True,True,True,False,True
6044.T,2023-05-31,Industrials,True,False,True,True,False,False,False,True,False,True,False,False,True,False,False
6045.T,2023-03-31,Communication Services,False,False,False,False,False,False,False,True,False,False,True,False,True,False,False
6047.T,2023-05-31,Technology,False,False,False,False,False,False,True,True,False,False,True,False,False,False,True
6048.T,2023-08-31,Communication Services,False,False,False,False,True,False,False,True,True,True,True,True,False,False,False
6054.T,2022-12-31,Communication Services,False,False,True,True,True,True,False,True,False,True,True,True,False,False,False
6055.T,2023-03-31,Industrials,False,True,True,True,True,False,False,True,False,True,False,True,True,True,True
6058.T,2023-02-28,Communication Services,True,True,True,True,True,False,False,True,False,True,False,True,False,False,False
6059.T,2023-03-31,Healthcare,False,False,False,False,True,False,True,True,True,True,False,True,False,False,True
6060.T,2023-03-31,Consumer Cyclical,False,False,False,False,True,False,False,True,True,True,True,True,False,False,False
6061.T,2023-06-30,Consumer Cyclical,False,True,True,True,True,False,True,True,False,False,True,True,True,True,True
6062.T,2023-06-30,Healthcare,False,True,True,True,True,False,True,True,False,False,False,True,True,True,False
6063.T,2022-12-31,Healthcare,True,False,True,True,True,True,True,True,False,True,True,True,False,False,False
6069.T,2023-03-31,Communication Services,True,False,True,True,False,False,True,True,False,True,False,True,True,True,False
6071.T,2022-12-31,Consumer Cyclical,True,False,True,True,True,False,False,True,False,True,False,True,True,False,False
6072.T,2023-03-31,Industrials,False,False,False,False,True,False,False,True,False,True,True,True,False,False,True
6073.T,2023-03-31,Consumer Cyclical,True,False,False,True,True,False,False,True,False,True,True,True,True,False,True
6074.T,2023-03-31,Consumer Cyclical,True,False,False,False,True,False,True,True,True,True,False,True,False,False,False
6078.T,2022-12-31,Healthcare,True,False,True,True,True,True,False,True,False,True,False,True,True,True,False
6081.T,2022-12-31,Communication Services,False,True,True,True,True,False,False,True,False,False,True,True,False,False,False
6082.T,2023-03-31,Consumer Cyclical,False,False,False,False,True,False,False,True,False,False,True,True,True,False,False
6083.T,2023-05-31,Industrials,False,True,True,True,True,False,True,True,False,False,True,True,True,False,True
6085.T,2023-03-31,Industrials,False,False,False,False,False,False,True,False,False,False,False,False,False,False,False
6086.T,2023-02-28,Industrials,False,False,True,True,True,False,False,True,False,True,False,True,True,False,False
6088.T,2023-03-31,Industrials,True,False,True,True,True,True,False,True,False,True,False,True,True,False,True
6089.T,2023-03-31,Industrials,False,False,True,True,True,False,True,False,False,False,True,True,True,False,True
6090.T,2023-06-30,Healthcare,False,True,True,True,True,True,False,True,False,False,True,True,False,True,False
6091.T,2023-07-31,Industrials,False,False,False,False,True,False,True,True,True,False,True,True,True,False,True
6092.T,2023-03-31,Industrials,False,False,True,False,True,True,True,True,True,True,True,True,True,False,False
6093.T,2023-02-28,Industrials,False,False,False,False,True,False,False,True,False,False,False,True,True,False,False
6096.T,2023-03-31,Consumer Defensive,False,False,False,False,True,False,False,True,False,False,False,True,True,True,False
6098.T,2023-03-31,Industrials,False,False,True,True,True,True,False,True,False,False,True,True,True,False,True
6099.T,2022-12-31,Healthcare,False,True,True,True,True,False,False,True,False,False,True,True,True,True,False
6101.T,2023-03-31,Industrials,False,False,True,True,True,False,True,True,False,False,True,True,True,True,False
6103.T,2023-03-31,Industrials,True,False,False,True,True,False,True,True,True,True,True,True,True,False,True
6104.T,2023-03-31,Industrials,True,False,False,False,True,False,True,True,True,True,False,True,False,False,True
6113.T,2023-03-31,Industrials,False,False,False,True,True,False,True,True,True,True,False,True,True,False,True
6118.T,2023-03-31,Industrials,True,False,False,False,False,False,False,True,True,True,False,True,True,False,True
6121.T,2023-03-31,Industrials,False,False,False,False,False,False,False,True,True,False,False,True,False,False,True
6125.T,2023-03-31,Industrials,True,False,True,True,True,False,True,True,True,True,True,True,True,False,True
6131.T,2023-03-31,Industrials,False,True,True,True,True,False,True,False,False,False,False,True,True,True,True
6134.T,2023-03-31,Industrials,False,False,False,True,True,False,True,True,False,False,True,True,True,False,False
6135.T,2023-03-31,Industrials,True,False,False,False,True,False,True,True,True,True,False,True,False,False,True
6137.T,2023-03-31,Industrials,True,False,False,False,True,False,True,True,True,True,True,True,False,False,True
6138.T,2023-03-31,Industrials,True,False,False,False,True,False,True,True,True,True,True,True,False,False,True
6140.T,2023-03-31,Industrials,False,False,False,False,True,False,False,True,True,False,True,True,False,False,False
6141.T,2022-12-31,Industrials,True,False,True,False,True,False,True,True,False,True,False,True,True,False,True
6143.T,2022-12-31,Industrials,False,False,False,False,True,False,True,True,True,False,False,True,True,False,False
6144.T,2023-03-31,Industrials,False,False,False,False,True,False,True,True,True,False,False,True,True,True,False
6145.T,2023-03-31,Industrials,False,False,False,False,True,False,False,True,False,False,True,True,True,False,False
6146.T,2023-03-31,Technology,False,True,True,True,True,True,False,True,False,True,True,True,True,True,True
6147.T,2023-03-31,Industrials,False,False,False,False,True,False,True,True,False,True,True,True,False,False,True
6149.T,2022-12-31,Industrials,False,False,False,False,True,True,True,True,True,False,True,True,True,False,True
6150.T,2023-05-31,Industrials,False,False,False,False,False,False,True,True,True,True,False,False,True,False,True
6151.T,2023-03-31,Industrials,True,False,False,False,True,False,False,True,True,True,True,False,True,False,False
6155.T,2023-03-31,Industrials,False,False,False,False,True,False,True,True,True,False,False,True,False,False,False
6156.T,2023-06-30,Industrials,False,False,False,False,True,True,False,True,False,False,False,True,True,False,True
6157.T,2023-03-31,Industrials,False,False,False,True,True,False,False,True,False,False,False,True,True,False,False
6158.T,2023-03-31,Industrials,True,False,False,True,False,False,True,True,True,True,False,True,True,False,True
6159.T,2023-08-31,Industrials,False,False,False,True,True,True,False,True,True,False,True,True,True,False,False
6161.T,2023-03-31,Industrials,True,False,True,True,True,False,True,True,False,True,True,True,True,False,True
6164.T,2022-12-31,Industrials,False,False,False,True,False,False,False,True,True,False,False,True,True,False,True
6165.T,2023-03-31,Industrials,False,False,False,False,True,False,True,True,True,False,True,True,False,False,False
6166.T,2023-03-31,Industrials,False,False,False,False,False,False,True,False,False,True,False,True,False,False,False
6167.T,2023-03-31,Industrials,True,False,False,False,True,False,True,True,True,True,False,True,True,False,False
6171.T,2022-12-31,Industrials,True,False,False,False,True,False,True,True,True,True,True,False,True,False,True
6173.T,2023-02-28,Basic Materials,False,False,False,False,False,False,True,False,False,False,False,True,False,False,True
6177.T,2022-12-31,Communication Services,True,False,False,False,False,False,True,True,False,False,False,False,False,False,True
6178.T,2023-03-31,Financial Services,False,False,False,False,False,False,True,False,True,False,True,False,True,False,False
6180.T,2022-12-31,Communication Services,True,False,False,False,True,False,False,True,False,True,True,True,False,False,True
6181.T,2023-03-31,Consumer Cyclical,False,False,False,False,True,False,True,False,False,False,True,False,False,False,False
6182.T,2023-02-28,Technology,False,False,False,False,True,False,False,False,False,True,True,True,False,True,True
6183.T,2023-02-28,Industrials,False,True,True,True,True,True,True,True,False,False,True,True,True,True,False
6184.T,2023-01-31,Consumer Cyclical,True,False,True,True,True,True,False,True,False,True,False,True,True,False,False
6185.T,2023-03-31,Communication Services,False,False,False,False,True,False,True,True,False,True,True,True,False,False,False
6186.T,2023-03-31,Consumer Cyclical,False,False,True,False,True,False,True,False,True,False,False,True,False,False,False
6190.T,2023-03-31,Healthcare,False,False,True,True,True,True,True,True,False,True,True,True,False,False,False
6193.T,2023-03-31,Technology,True,True,True,True,True,False,True,True,False,True,True,False,False,False,False
6197.T,2023-03-31,Healthcare,False,False,True,False,True,False,False,True,False,False,True,True,True,True,True
6199.T,2023-08-31,Technology,True,False,True,True,True,False,False,True,False,True,True,True,True,True,True
6201.T,2023-03-31,Industrials,False,False,False,False,True,False,True,True,True,True,False,True,True,False,True
6203.T,2023-03-31,Industrials,False,False,False,False,False,False,False,True,True,False,False,True,True,False,False
6208.T,2023-03-31,Industrials,False,False,False,False,True,True,False,False,False,True,True,True,True,False,False
6210.T,2023-03-31,Industrials,False,False,False,False,True,False,False,True,True,False,False,True,False,False,True
6218.T,2023-03-31,Industrials,False,False,False,False,False,False,True,True,True,False,False,False,False,False,True
6222.T,2023-03-31,Industrials,True,False,False,False,False,False,True,True,True,False,False,False,False,False,True
6226.T,2023-03-31,Industrials,False,False,False,True,True,False,False,True,False,False,False,True,True,True,True
6227.T,2023-06-30,Technology,True,False,True,True,False,False,True,True,False,True,True,True,True,False,True
6229.T,2023-03-31,Industrials,False,False,False,True,False,False,True,True,True,False,False,False,True,False,True
6230.T,2023-03-31,Industrials,False,False,False,False,True,False,True,True,True,False,True,True,True,True,True
6231.T,2023-03-31,Industrials,False,False,True,True,True,False,True,True,False,True,False,True,True,False,True
6235.T,2022-12-31,Industrials,False,False,True,True,True,True,False,True,False,False,True,True,True,False,False
6236.T,2023-03-31,Industrials,False,False,False,False,True,False,False,True,False,False,True,True,True,False,False
6237.T,2023-03-31,Industrials,True,False,True,True,True,False,True,True,True,True,True,True,True,False,True
6238.T,2023-03-31,Consumer Cyclical,False,False,False,True,True,False,False,True,False,False,False,True,True,False,True
6239.T,2023-06-30,Energy,False,False,True,True,True,False,True,True,False,False,False,True,True,False,True
6240.T,2023-03-31,Industrials,True,False,False,False,True,False,False,True,False,True,True,True,True,False,False
6245.T,2023-03-31,Industrials,False,False,False,False,False,False,False,True,True,False,False,False,True,False,False
6246.T,2023-03-31,Industrials,True,False,False,True,False,False,True,True,False,True,False,False,True,False,True
6247.T,2023-03-31,Industrials,False,False,False,False,True,False,True,True,True,False,False,True,True,False,False
6248.T,2023-03-31,Industrials,False,False,False,True,True,False,True,True,True,False,False,True,True,False,True
6249.T,2023-03-31,Consumer Cyclical,True,False,False,True,True,False,True,True,False,True,True,False,True,False,True
6250.T,2022-12-31,Industrials,False,False,False,False,False,False,True,True,True,False,True,False,True,True,True
6254.T,2023-03-31,Industrials,True,True,True,True,True,False,True,True,False,True,True,True,True,True,True
6255.T,2023-08-31,Industrials,True,False,True,True,True,True,False,True,False,True,True,True,True,False,False
6257.T,2023-03-31,Consumer Cyclical,False,False,True,True,True,True,True,True,True,True,True,True,False,True,True
6258.T,2023-03-31,Industrials,True,False,False,False,False,False,False,True,False,True,False,False,True,False,True
6262.T,2023-03-31,Industrials,True,True,False,True,True,False,True,True,True,True,False,True,False,False,False
6264.T,2023-08-31,Industrials,False,False,False,True,True,True,False,True,False,False,True,True,True,False,True
6265.T,2022-12-31,Industrials,False,True,False,True,True,True,True,True,True,True,True,True,True,False,False
6266.T,2022-12-31,Technology,True,True,True,True,False,False,True,True,False,True,True,False,True,True,False
6267.T,2023-07-31,Industrials,False,False,True,True,False,False,True,True,True,False,False,False,True,False,True
6268.T,2022-12-31,Industrials,False,False,False,False,True,False,False,True,False,False,True,False,True,False,False
6269.T,2022-12-31,Energy,False,False,False,False,False,False,False,False,False,True,False,False,False,False,False
6272.T,2023-03-31,Industrials,True,False,False,True,True,False,True,True,False,True,True,True,True,False,True
6273.T,2023-03-31,Industrials,False,True,True,True,True,False,False,True,False,True,False,True,True,True,True
6278.T,2022-12-31,Industrials,False,True,False,True,True,True,True,True,False,True,True,True,True,False,False
6279.T,2023-02-28,Industrials,True,False,False,True,True,False,True,True,True,True,False,True,True,False,True
6282.T,2023-03-31,Industrials,False,False,False,False,True,False,True,True,True,False,True,True,True,False,True
6286.T,2023-03-31,Industrials,False,False,False,False,True,False,True,True,True,False,True,True,False,False,False
6287.T,2023-03-31,Industrials,False,False,False,False,True,False,False,True,False,True,True,True,False,False,False
6289.T,2023-08-31,Industrials,False,False,False,False,True,False,False,True,False,False,False,True,True,False,False
6292.T,2023-03-31,Industrials,False,False,False,False,True,False,False,True,True,False,True,True,True,False,True
6293.T,2023-03-31,Industrials,False,False,False,False,False,False,True,True,True,False,True,False,True,True,False
6294.T,2023-03-31,Industrials,False,True,True,False,False,False,True,True,False,True,False,True,True,False,True
6297.T,2023-03-31,Industrials,False,False,False,False,False,False,False,True,True,False,True,True,True,False,True
6298.T,2023-03-31,Technology,False,False,False,False,False,False,False,True,False,False,False,False,False,False,False
6301.T,2023-03-31,Industrials,True,False,True,True,True,False,True,True,False,True,False,True,True,False,True
6305.T,2023-03-31,Industrials,False,False,True,False,False,False,True,True,True,False,True,True,True,False,True
6306.T,2023-03-31,Industrials,False,False,False,False,False,False,False,True,True,False,False,False,True,True,True
6307.T,2023-03-31,Industrials,True,False,False,True,True,True,True,True,True,True,True,True,True,False,False
6310.T,2022-12-31,Industrials,False,False,False,False,False,False,True,True,True,True,False,False,False,False,False
6312.T,2023-02-28,Industrials,False,False,False,False,False,False,True,True,True,False,False,True,False,False,False
6315.T,2023-03-31,Technology,False,False,True,True,True,False,True,True,False,False,True,True,True,True,True
6317.T,2023-03-31,Industrials,False,False,False,False,True,False,True,True,True,True,False,True,False,False,False
6319.T,2023-03-31,Industrials,True,False,False,False,True,False,False,True,True,True,True,True,False,False,True
6322.T,2023-03-31,Industrials,False,False,True,True,True,False,True,True,False,True,True,True,True,False,True
6323.T,2023-02-28,Technology,True,True,True,True,False,False,True,True,False,True,True,True,True,True,True
6324.T,2023-03-31,Industrials,False,True,False,False,True,False,False,True,False,True,True,True,False,False,True
6325.T,2023-03-31,Industrials,False,True,False,True,False,False,True,True,True,True,False,True,True,True,True
6326.T,2022-12-31,Industrials,False,False,False,False,False,False,False,True,False,False,False,True,True,False,True
6327.T,2023-06-30,Industrials,True,True,True,True,True,False,True,True,False,False,False,True,True,True,True
6328.T,2022-12-31,Industrials,False,False,True,True,True,False,False,True,False,False,True,True,True,False,True
6330.T,2023-03-31,Industrials,False,False,False,False,True,False,False,False,True,False,True,True,True,False,True
6331.T,2023-03-31,Industrials,False,True,True,True,True,False,True,True,True,True,True,False,True,False,True
6332.T,2023-03-31,Industrials,False,False,False,False,True,False,True,True,True,False,False,True,True,False,True
6333.T,2023-03-31,Industrials,True,False,True,True,True,True,True,True,False,True,True,True,True,False,True
6334.T,2023-03-31,Industrials,False,False,True,True,False,False,True,True,False,True,False,False,False,False,False
6335.T,2023-03-31,Industrials,False,False,False,False,True,True,True,True,True,True,True,True,False,False,False
6336.T,2023-01-31,Industrials,False,True,True,True,True,False,True,True,True,False,True,True,True,True,True
6337.T,2023-03-31,Technology,True,False,True,True,True,True,True,True,True,True,True,True,False,False,True
6339.T,2023-03-31,Industrials,True,False,False,False,True,False,True,True,True,True,False,True,True,False,True
6340.T,2023-06-30,Industrials,False,False,False,False,True,False,True,True,True,False,True,True,True,False,False
6342.T,2023-03-31,Basic Materials,True,False,True,True,True,True,True,True,True,True,True,True,True,False,True
6343.T,2023-03-31,Industrials,True,False,False,False,False,False,True,True,True,True,False,False,False,False,False
6345.T,2023-03-31,Industrials,False,False,False,True,True,False,True,True,True,True,False,True,True,False,True
6346.T,2023-03-31,Industrials,False,False,False,False,True,True,True,True,True,True,True,True,True,False,True
6347.T,2023-03-31,Industrials,False,False,False,False,False,False,False,True,False,False,True,False,True,False,False
6349.T,2023-03-31,Industrials,False,False,False,False,True,False,True,True,True,False,True,True,False,False,True
6351.T,2023-03-31,Industrials,False,True,False,True,True,False,True,True,True,True,True,True,True,False,True
6356.T,2023-03-31,Consumer Cyclical,True,False,False,True,True,True,True,True,True,True,True,True,True,False,False
6357.T,2023-03-31,Industrials,False,False,False,False,True,False,True,True,True,True,True,True,True,False,True
6358.T,2023-03-31,Industrials,False,False,False,False,True,False,True,True,True,True,False,True,True,False,True
6360.T,2023-03-31,Industrials,True,False,True,False,False,False,True,True,True,True,False,False,True,False,True
6361.T,2022-12-31,Industrials,False,True,True,True,True,False,True,True,False,True,False,True,True,True,True
6362.T,2023-03-31,Industrials,False,False,False,False,True,False,True,True,True,True,False,True,True,True,True
6363.T,2023-03-31,Industrials,True,True,False,False,True,False,True,True,False,True,False,True,True,True,True
6364.T,2023-03-31,Industrials,True,False,True,True,True,False,True,True,False,True,True,True,True,False,True
6365.T,2023-03-31,Industrials,False,False,False,True,True,False,True,True,True,False,True,True,True,True,True
6366.T,2023-03-31,Industrials,False,False,True,False,True,False,True,False,False,True,True,True,False,False,True
6367.T,2023-03-31,Industrials,True,False,True,True,True,False,False,True,False,True,False,True,True,False,False
6368.T,2023-03-31,Industrials,True,False,True,True,False,False,True,True,False,True,False,False,True,True,True
6369.T,2023-03-31,Industrials,False,True,False,False,True,False,True,True,True,False,False,True,True,False,True
6370.T,2023-03-31,Industrials,False,False,False,False,True,False,False,True,False,True,True,True,True,True,True
6371.T,2023-03-31,Industrials,False,False,False,False,True,False,True,True,True,False,True,True,True,False,True
6373.T,2023-03-31,Industrials,False,False,False,False,True,False,True,True,True,False,False,True,False,False,False
6376.T,2022-12-31,Industrials,True,False,True,False,True,False,True,True,True,True,True,False,True,False,False
6378.T,2023-03-31,Industrials,False,False,False,False,True,True,True,True,True,False,True,True,True,False,True
6379.T,2023-03-31,Industrials,False,False,False,True,True,False,True,True,True,False,True,True,True,False,False
6380.T,2023-03-31,Industrials,True,False,False,False,True,False,False,True,False,True,False,True,False,False,True
6381.T,2023-03-31,Industrials,False,False,False,True,True,False,True,True,True,True,False,True,True,False,True
6382.T,2023-03-31,Consumer Cyclical,False,False,False,False,True,True,True,True,True,False,True,True,True,False,True
6383.T,2023-03-31,Industrials,False,True,True,True,True,False,False,True,False,True,False,True,True,True,True
6384.T,2023-03-31,Industrials,False,False,False,True,True,False,True,True,True,False,False,True,True,False,False
6387.T,2023-07-31,Technology,True,True,True,True,False,False,False,True,False,True,False,False,True,False,False
6390.T,2023-03-31,Industrials,False,False,False,False,True,True,True,True,True,True,True,True,False,False,True
6391.T,2023-03-31,Industrials,False,False,False,False,True,False,False,True,False,False,True,True,True,False,True
6392.T,2023-03-31,Industrials,True,False,True,True,True,False,True,True,True,True,True,True,True,False,True
6393.T,2023-03-31,Industrials,False,True,False,False,True,False,True,True,True,False,False,True,True,False,True
6396.T,2023-03-31,Industrials,True,True,True,False,True,False,True,True,False,True,False,True,True,False,False
6400.T,2022-12-31,Industrials,False,False,True,False,True,False,True,True,True,False,True,True,True,False,True
6402.T,2023-03-31,Industrials,False,True,True,True,True,True,True,True,False,False,True,True,True,False,False
6403.T,2023-03-31,Industrials,True,False,False,False,False,False,False,True,True,True,False,True,False,False,True
6405.T,2023-03-31,Industrials,False,False,False,False,False,False,False,True,False,False,False,True,True,True,False
6406.T,2023-03-31,Industrials,False,False,False,False,False,False,False,True,False,False,False,False,True,False,True
6407.T,2023-03-31,Industrials,False,True,True,True,True,False,True,True,False,True,False,True,True,True,True
6408.T,2023-03-31,Industrials,False,False,False,False,True,False,True,True,True,True,False,True,False,False,False
6411.T,2022-12-31,Industrials,False,False,False,False,False,False,False,True,False,False,False,False,True,False,False
6412.T,2023-03-31,Consumer Cyclical,True,False,False,False,True,True,True,True,False,True,False,True,True,False,False
6413.T,2023-03-31,Technology,False,True,False,True,True,False,False,True,False,True,True,True,True,False,False
6416.T,2023-03-31,Technology,True,False,False,False,False,False,True,True,True,False,False,False,False,False,True
6417.T,2023-03-31,Consumer Cyclical,True,False,True,True,True,True,True,True,False,True,True,True,True,False,True
6418.T,2023-03-31,Industrials,True,False,True,True,False,False,True,True,False,True,False,False,False,False,False
6419.T,2023-03-31,Consumer Cyclical,True,False,False,False,True,False,False,True,False,True,False,True,True,False,False
6420.T,2023-03-31,Industrials,False,True,True,True,True,False,True,True,False,False,True,True,True,False,False
6424.T,2023-03-31,Technology,True,False,True,False,True,False,True,False,False,True,False,True,True,False,False
6425.T,2022-12-31,Consumer Cyclical,False,False,False,False,True,True,False,True,True,True,True,True,False,False,True
6428.T,2023-03-31,Communication Services,True,False,False,False,True,False,True,True,True,True,False,True,True,False,False
6430.T,2023-03-31,Technology,True,False,False,True,True,False,True,True,False,True,True,True,True,False,True
6432.T,2023-02-28,Industrials,True,True,True,True,True,False,True,True,False,True,False,True,True,False,True
6433.T,2023-03-31,Industrials,False,False,False,False,False,False,True,True,True,False,False,True,False,False,False
6436.T,2023-03-31,Technology,False,False,False,True,True,True,False,True,False,True,False,True,True,False,True
6440.T,2022-12-31,Industrials,False,False,False,False,False,False,True,False,True,False,False,False,False,False,False
6445.T,2023-03-31,Consumer Cyclical,False,False,False,False,True,False,True,True,True,False,True,True,False,False,True
6448.T,2023-03-31,Industrials,False,False,False,False,True,False,True,True,True,False,False,True,True,False,True
6454.T,2023-03-31,Industrials,False,False,False,True,True,False,True,True,False,True,True,True,True,False,True
6455.T,2023-03-31,Industrials,False,False,False,False,True,False,False,True,True,False,False,True,True,False,True
6457.T,2023-03-31,Industrials,False,False,False,False,False,False,True,True,True,False,False,False,False,False,True
6458.T,2023-03-31,Industrials,False,False,False,True,True,False,True,True,True,True,True,True,True,False,True
6459.T,2022-12-31,Industrials,False,False,False,True,True,False,True,True,False,True,False,True,True,False,True
6460.T,2023-03-31,Communication Services,True,False,True,True,True,False,True,True,False,True,True,True,True,False,True
6463.T,2023-03-31,Consumer Cyclical,False,False,False,False,True,False,True,True,True,False,True,True,True,False,True
6464.T,2022-12-31,Industrials,False,False,False,False,False,False,True,True,True,False,False,False,False,False,True
6465.T,2022-12-31,Industrials,False,False,False,True,True,False,False,True,False,False,True,True,True,False,True
6467.T,2023-03-31,Industrials,False,False,False,False,True,False,True,True,True,True,True,True,False,False,False
6469.T,2023-02-28,Industrials,False,False,False,False,False,False,True,True,True,False,False,True,False,False,True
6470.T,2023-03-31,Consumer Cyclical,False,False,False,False,True,False,False,True,True,False,False,True,True,False,True
6471.T,2023-03-31,Consumer Cyclical,False,False,False,False,True,False,False,True,True,True,True,True,True,False,True
6472.T,2023-03-31,Industrials,True,True,False,False,True,False,False,False,True,True,False,True,False,False,False
6473.T,2023-03-31,Consumer Cyclical,True,True,False,False,True,False,True,True,True,True,False,True,False,False,True
6479.T,2023-03-31,Technology,False,False,True,True,True,False,True,True,False,False,False,True,True,True,True
6480.T,2023-03-31,Industrials,True,True,True,True,True,False,True,True,True,True,True,True,False,False,False
6481.T,2022-12-31,Industrials,False,False,False,False,True,False,False,True,False,False,True,True,False,False,True
6482.T,2023-03-31,Industrials,False,False,False,False,True,True,True,True,True,False,True,True,True,False,False
6484.T,2023-03-31,Consumer Cyclical,False,False,False,False,True,False,True,True,True,False,False,True,True,True,True
6485.T,2023-03-31,Industrials,False,False,False,False,False,False,False,True,True,False,False,False,True,True,True
6486.T,2023-03-31,Industrials,False,True,False,False,True,False,True,True,True,True,True,True,True,False,True
6488.T,2023-03-31,Industrials,False,False,False,True,True,False,True,True,True,True,False,True,True,False,True
6489.T,2023-05-31,Industrials,False,False,True,True,True,False,True,True,True,True,True,True,True,False,True
6490.T,2023-03-31,Industrials,True,True,True,True,True,False,True,True,False,True,True,True,True,True,True
6493.T,2023-03-31,Consumer Cyclical,False,False,False,False,True,False,False,True,True,False,True,True,True,False,True
6494.T,2023-03-31,Industrials,False,False,False,False,False,False,False,True,False,False,False,True,False,False,True
6495.T,2023-03-31,Industrials,True,False,False,False,True,True,False,True,False,True,True,True,True,False,False
6496.T,2023-05-31,Industrials,False,False,False,False,True,False,True,True,True,True,True,True,True,False,True
6497.T,2022-12-31,Industrials,True,True,False,False,True,False,True,True,True,True,True,True,True,True,False
6501.T,2023-03-31,Industrials,False,True,True,True,True,False,True,True,False,True,False,True,True,False,True
6502.T,2023-03-31,Industrials,False,False,False,False,True,False,False,True,False,False,False,True,False,False,True
6503.T,2023-03-31,Industrials,False,False,False,False,True,False,False,True,False,False,False,True,True,False,True
6504.T,2023-03-31,Industrials,False,True,True,True,True,False,True,True,False,False,False,True,True,False,True
6505.T,2023-05-31,Industrials,False,False,False,False,True,False,True,True,True,True,True,True,False,False,True
6506.T,2023-02-28,Industrials,True,True,True,True,False,False,False,True,False,True,False,True,True,False,True
6507.T,2023-03-31,Industrials,True,True,True,True,True,False,True,True,True,True,True,True,True,False,False
6508.T,2023-03-31,Industrials,False,False,False,False,True,False,True,True,True,True,True,True,True,False,True
6513.T,2023-03-31,Technology,False,False,False,False,True,False,False,True,True,False,False,True,False,False,True
6516.T,2023-03-31,Industrials,True,True,True,True,True,False,True,True,True,True,True,True,True,True,True
6517.T,2023-03-31,Industrials,True,False,False,False,True,False,True,True,True,True,False,True,True,False,True
6518.T,2023-03-31,Industrials,False,False,False,False,True,False,True,True,True,False,True,True,True,False,True
6521.T,2023-02-28,Technology,False,True,True,True,False,False,False,True,False,False,False,True,True,True,False
6522.T,2023-08-31,Technology,False,False,False,False,False,False,False,True,False,False,False,False,False,False,False
6523.T,2023-03-31,Healthcare,False,False,False,False,True,False,True,False,False,True,False,True,False,True,True
6524.T,2022-12-31,Technology,False,True,True,True,True,True,False,True,False,False,False,True,True,True,False
6532.T,2023-02-28,Industrials,True,True,True,True,True,True,False,True,False,False,True,True,True,True,True
6533.T,2022-12-31,Communication Services,False,True,True,True,False,False,False,True,False,False,False,True,True,False,False
6535.T,2023-07-31,Communication Services,False,False,True,True,True,True,True,True,False,False,True,True,True,False,True
6537.T,2022-12-31,Consumer Cyclical,False,False,False,False,False,False,False,True,False,True,True,True,False,False,False
6538.T,2023-03-31,Industrials,False,False,False,False,True,False,False,True,False,False,False,True,True,False,False
6539.T,2023-03-31,Industrials,False,False,True,True,True,True,False,True,False,True,True,True,True,False,True
6540.T,2022-12-31,Industrials,True,False,False,False,True,False,False,True,True,True,True,True,True,False,True
6542.T,2023-06-30,Industrials,False,False,True,True,True,False,True,True,True,False,False,True,True,True,True
6543.T,2023-02-28,Communication Services,False,False,False,True,True,False,True,True,True,False,True,True,True,False,True
6544.T,2023-03-31,Industrials,False,True,True,True,True,False,False,True,False,False,False,True,True,True,True
6545.T,2023-03-31,Healthcare,False,False,False,False,True,False,False,True,False,False,False,True,True,False,True
6546.T,2022-12-31,Industrials,False,False,False,False,True,False,False,True,True,False,False,True,True,False,True
6547.T,2023-06-30,Consumer Cyclical,False,False,True,True,True,True,True,False,False,True,False,True,False,False,False
6548.T,2023-03-31,Consumer Cyclical,False,False,True,False,False,False,True,False,True,False,False,False,False,False,False
6549.T,2023-03-31,Communication Services,True,False,True,True,True,False,True,True,False,True,True,True,False,True,False
6550.T,2023-03-31,Technology,False,False,False,False,False,False,True,True,False,True,False,False,False,False,False
6552.T,2023-05-31,Communication Services,True,False,False,False,True,False,False,True,False,True,False,True,False,False,False
6556.T,2023-03-31,Industrials,False,False,False,False,True,False,True,True,False,False,False,True,False,True,False
6557.T,2023-03-31,Healthcare,True,False,False,False,True,False,True,False,False,False,True,True,False,True,True
6560.T,2022-12-31,Industrials,False,False,False,False,True,False,False,True,False,False,True,True,True,True,True
6561.T,2022-12-31,Consumer Cyclical,True,False,False,False,False,False,True,False,False,True,False,False,False,False,True
6562.T,2023-03-31,Communication Services,True,True,True,True,True,False,True,False,False,True,True,True,False,False,False
6564.T,2023-03-31,Industrials,True,True,True,True,True,True,False,True,False,True,True,True,True,True,False
6565.T,2023-03-31,Consumer Cyclical,True,False,True,True,True,True,False,True,False,True,True,True,True,False,True
6566.T,2023-03-31,Industrials,True,True,False,True,True,True,True,True,True,True,True,True,True,False,True
6567.T,2023-05-31,Industrials,False,False,False,False,True,False,False,True,False,False,True,True,True,True,False
6568.T,2023-03-31,Basic Materials,True,False,True,True,True,True,True,True,False,True,True,True,True,False,True
6570.T,2023-03-31,Consumer Cyclical,True,False,True,False,True,False,True,False,False,True,False,True,False,False,True
6571.T,2023-06-30,Consumer Cyclical,True,True,True,False,True,True,True,True,False,True,True,True,True,False,True
6572.T,2023-02-28,Technology,False,False,False,False,True,False,False,True,False,True,False,True,False,False,False
6573.T,2022-12-31,Communication Services,False,False,False,False,False,False,True,False,False,False,True,False,False,False,True
6574.T,2023-03-31,Consumer Cyclical,False,False,False,False,True,False,True,True,False,False,True,True,False,False,True
6577.T,2023-07-31,Consumer Cyclical,True,False,False,False,True,False,False,False,False,True,False,True,False,False,False
6578.T,2023-02-28,Industrials,False,False,True,True,False,False,True,True,False,True,False,False,False,False,True
6579.T,2023-03-31,Communication Services,False,False,True,True,True,False,False,True,False,True,False,True,False,False,False
6580.T,2023-03-31,Industrials,False,False,False,False,False,False,False,True,False,False,False,True,True,False,True
6584.T,2023-03-31,Consumer Cyclical,False,False,False,False,True,False,True,True,True,False,False,True,False,False,True
6586.T,2023-03-31,Industrials,False,False,False,False,True,False,False,True,False,False,True,True,True,True,True
6588.T,2023-03-31,Technology,False,False,False,False,True,False,True,True,False,False,False,True,False,False,True
6590.T,2023-03-31,Technology,True,True,True,True,True,False,True,True,True,True,True,True,True,False,True
6592.T,2022-12-31,Consumer Cyclical,False,False,False,False,True,False,True,True,True,False,False,True,True,False,True
6594.T,2023-03-31,Industrials,False,False,False,False,True,False,False,True,False,False,False,True,True,True,True
6597.T,2023-06-30,Technology,False,False,False,False,False,False,False,False,False,False,False,False,True,True,False
6599.T,2023-03-31,Technology,False,False,True,True,True,False,True,True,True,True,True,True,True,True,False
6612.T,2022-12-31,Consumer Cyclical,False,False,False,False,True,False,False,True,False,False,True,True,True,False,False
6613.T,2023-03-31,Technology,False,False,False,False,False,False,True,True,False,True,True,False,False,True,True
6614.T,2023-03-31,Technology,True,False,True,True,True,False,False,True,False,True,True,True,True,False,False
6615.T,2023-03-31,Technology,False,False,False,False,True,False,False,False,True,False,True,True,False,False,True
6616.T,2023-03-31,Technology,False,False,False,True,True,False,True,True,False,False,False,True,True,True,False
6617.T,2023-03-31,Industrials,False,False,False,False,True,False,True,True,True,False,False,True,True,False,True
6618.T,2023-03-31,Technology,False,False,False,False,True,False,False,True,False,False,True,True,True,False,False
6619.T,2022-12-31,Industrials,False,False,False,False,True,False,False,True,True,True,True,True,False,True,False
6620.T,2023-03-31,Financial Services,False,False,False,False,True,True,False,True,False,False,True,True,True,False,True
6622.T,2023-03-31,Industrials,False,True,True,True,False,False,True,True,False,True,False,False,True,True,True
6625.T,2023-03-31,Technology,True,False,True,False,True,False,True,False,False,True,True,True,True,True,False
6626.T,2023-03-31,Technology,False,True,True,True,True,True,True,True,False,False,True,True,True,True,True
6627.T,2022-12-31,Technology,True,True,False,False,True,True,True,True,True,True,True,True,False,True,True
6629.T,2023-03-31,Technology,False,False,False,False,False,False,True,False,False,False,False,False,False,True,True
6630.T,2023-04-30,Consumer Defensive,False,False,True,True,True,False,False,True,False,False,False,True,True,True,False
6632.T,2023-03-31,Consumer Cyclical,True,True,True,True,True,False,True,True,True,True,True,True,True,False,True
6633.T,2022-12-31,Technology,True,False,False,True,True,False,True,True,False,True,True,True,True,False,False
6635.T,2022-12-31,Technology,False,False,True,False,False,False,True,False,True,True,True,False,False,True,True
6637.T,2023-03-31,Industrials,True,False,False,False,False,False,True,True,True,True,False,True,True,False,True
6638.T,2023-03-31,Technology,False,True,True,False,True,False,True,True,True,True,True,True,False,False,True
6640.T,2022-12-31,Technology,False,False,False,False,True,False,False,True,True,False,True,True,True,False,True
6643.T,2023-03-31,Industrials,False,False,False,False,True,False,True,True,True,True,True,True,True,True,True
6644.T,2023-03-31,Technology,False,False,False,False,True,False,False,True,True,True,False,False,False,False,True
6645.T,2023-03-31,Technology,False,False,True,True,True,False,False,True,False,True,False,True,True,False,False
6647.T,2023-03-31,Industrials,False,False,False,False,True,False,False,True,True,False,True,True,True,False,False
6648.T,2023-03-31,Industrials,False,False,False,False,True,False,False,True,True,False,True,True,True,False,True
6651.T,2023-03-31,Industrials,False,False,False,False,True,False,False,True,False,False,False,True,True,False,True
6652.T,2023-03-31,Industrials,True,False,True,True,True,False,True,True,False,True,False,True,True,False,False
6653.T,2022-12-31,Technology,False,True,False,False,False,False,True,True,False,False,True,True,True,False,False
6654.T,2023-01-31,Industrials,False,False,False,False,True,False,False,True,True,True,True,True,True,False,True
6656.T,2023-04-30,Technology,False,False,False,False,False,False,False,True,False,False,False,False,False,False,False
6658.T,2023-03-31,Technology,True,True,True,True,True,False,True,False,False,True,False,True,False,False,False
6659.T,2023-03-31,Technology,False,False,False,False,False,False,True,True,True,True,True,False,False,True,True
6662.T,2023-06-30,Technology,False,False,False,False,False,False,True,True,False,False,False,True,False,False,False
6663.T,2022-12-31,Technology,False,False,False,False,True,False,False,True,True,False,True,True,False,False,False
6666.T,2023-03-31,Technology,False,False,True,True,True,False,True,True,False,False,True,True,True,False,False
6668.T,2023-08-31,Industrials,False,False,True,True,False,False,False,True,False,False,True,True,True,True,True
6670.T,2023-03-31,Technology,False,False,True,True,True,True,True,True,False,False,True,True,True,False,True
6674.T,2023-03-31,Industrials,True,False,False,False,True,False,True,True,True,True,True,True,True,False,True
6675.T,2023-03-31,Technology,False,False,False,False,True,False,False,True,True,False,True,True,False,False,True
6676.T,2023-03-31,Technology,False,False,False,False,True,False,False,True,True,False,False,False,True,False,False
6678.T,2023-03-31,Healthcare,False,False,False,True,True,False,True,True,True,False,True,True,True,False,True
6694.T,2022-12-31,Technology,False,False,False,False,False,False,True,True,True,False,True,False,True,False,False
6696.T,2023-01-31,Technology,False,False,False,False,True,False,True,True,False,True,True,False,False,False,False
6697.T,2022-12-31,Technology,False,True,True,True,True,True,False,True,False,False,False,True,True,True,False
6698.T,2023-03-31,Technology,False,False,False,False,True,False,False,True,False,False,True,True,True,False,False
6699.T,2023-03-31,Consumer Cyclical,False,False,False,False,False,False,True,False,True,False,False,False,False,False,False
6701.T,2023-03-31,Technology,False,False,False,False,True,False,True,True,True,False,False,True,True,False,True
6702.T,2023-03-31,Technology,False,False,True,True,True,False,False,True,False,True,False,True,True,False,True
6703.T,2023-03-31,Technology,False,False,False,False,False,False,True,False,True,False,True,True,False,False,True
6704.T,2023-03-31,Technology,False,False,False,False,False,False,True,True,True,False,False,True,False,False,False
6706.T,2023-03-31,Technology,False,False,False,False,False,False,True,True,True,False,True,False,False,False,True
6707.T,2023-03-31,Technology,True,False,False,False,True,False,False,True,False,True,True,True,False,False,True
6715.T,2023-03-31,Technology,False,False,False,False,False,False,True,True,True,False,False,False,False,False,True
6718.T,2023-03-31,Technology,False,False,False,False,False,False,True,True,True,False,False,False,True,False,True
6723.T,2022-12-31,Technology,True,True,True,True,True,True,True,True,False,True,True,True,False,False,True
6724.T,2023-03-31,Technology,False,False,True,True,True,False,True,True,False,False,False,True,True,False,True
6727.T,2023-03-31,Technology,False,False,False,False,False,False,False,True,False,False,False,True,True,True,False
6728.T,2023-06-30,Industrials,False,False,False,False,True,False,False,True,False,False,False,True,True,False,True
6730.T,2023-03-31,Technology,True,True,True,True,True,True,True,True,False,True,True,True,True,False,True
6734.T,2023-02-28,Technology,True,False,True,True,True,True,True,True,False,True,True,True,True,False,True
6736.T,2023-03-31,Technology,True,True,True,True,False,False,True,True,False,True,False,True,False,True,False
6737.T,2023-03-31,Technology,False,False,False,False,False,False,False,True,True,False,False,False,True,False,True
6740.T,2023-03-31,Technology,True,False,False,False,False,False,True,True,False,False,False,False,False,False,False
6741.T,2023-03-31,Industrials,False,False,False,False,True,False,False,True,True,False,True,True,True,False,False
6742.T,2023-03-31,Technology,False,False,False,False,False,False,True,True,True,False,False,False,False,False,True
6743.T,2023-03-31,Industrials,False,False,False,False,False,False,True,True,True,False,False,False,True,False,False
6744.T,2023-03-31,Industrials,False,False,False,False,True,False,False,True,True,False,True,True,True,False,False
6745.T,2023-03-31,Industrials,False,True,False,True,True,False,True,True,False,False,False,True,True,False,True
6750.T,2023-03-31,Technology,False,False,True,True,True,False,True,True,False,False,False,True,True,False,True
6752.T,2023-03-31,Technology,False,False,False,False,True,False,True,True,True,False,False,True,True,False,True
6753.T,2023-03-31,Technology,False,False,False,False,True,False,True,False,False,False,False,True,False,True,False
6754.T,2023-03-31,Technology,False,False,False,True,True,False,False,True,False,False,False,True,True,False,False
6755.T,2023-03-31,Consumer Cyclical,True,False,False,False,False,False,False,True,False,True,True,True,True,True,False
6757.T,2023-01-31,Industrials,False,False,False,False,True,False,False,True,False,False,False,True,True,False,True
6758.T,2023-03-31,Technology,False,False,True,False,True,False,False,False,False,True,False,True,True,True,False
6762.T,2023-03-31,Technology,False,False,False,False,True,False,False,True,False,False,True,True,True,True,True
6763.T,2023-03-31,Industrials,False,False,False,False,True,False,True,True,True,False,True,True,False,False,True
6768.T,2023-03-31,Technology,False,False,False,False,True,False,False,True,False,True,True,True,False,False,False
6769.T,2022-12-31,Technology,False,False,False,True,False,False,True,True,True,True,False,True,False,False,True
6770.T,2023-03-31,Technology,False,False,False,False,True,False,False,True,True,False,False,True,False,False,False
6771.T,2023-03-31,Technology,False,False,False,False,False,False,True,True,True,False,False,False,False,False,True
6772.T,2023-03-31,Technology,True,False,True,True,True,True,True,True,True,True,True,True,False,False,True
6775.T,2023-03-31,Technology,False,False,False,False,False,False,True,True,False,False,True,False,False,False,True
6776.T,2023-03-31,Consumer Cyclical,True,False,False,False,True,False,True,True,True,True,True,True,True,False,False
6777.T,2023-03-31,Technology,True,True,True,True,True,True,True,True,False,True,True,True,True,True,True
6778.T,2023-07-31,Technology,False,False,False,False,True,False,False,True,False,False,True,True,True,False,False
6779.T,2023-03-31,Technology,False,True,True,True,True,False,True,True,False,False,False,True,False,False,True
6785.T,2023-06-30,Technology,False,False,False,True,True,False,True,True,True,False,True,True,True,False,True
6786.T,2023-03-31,Technology,True,False,False,False,True,False,True,True,True,False,False,True,False,False,False
6787.T,2023-03-31,Technology,False,False,True,False,True,False,True,True,True,False,True,True,True,True,True
6788.T,2023-03-31,Industrials,False,False,False,True,True,False,True,True,False,False,True,True,True,False,True
6789.T,2022-12-31,Technology,False,False,True,True,True,False,True,True,False,True,False,True,True,False,True
6794.T,2023-03-31,Technology,False,False,False,False,True,False,False,True,True,True,True,True,False,False,False
6798.T,2023-03-31,Technology,False,False,False,False,True,False,True,True,True,False,True,True,False,False,True
6800.T,2023-03-31,Technology,False,False,False,False,True,False,True,True,False,False,True,True,True,False,False
6803.T,2023-03-31,Technology,False,False,False,False,True,False,True,False,False,False,False,True,True,False,False
6804.T,2023-03-31,Industrials,False,True,False,True,True,False,True,True,True,True,True,True,True,False,False
6806.T,2023-03-31,Technology,False,True,False,True,True,True,False,True,False,True,True,True,True,True,False
6807.T,2023-03-31,Technology,False,False,False,True,True,False,False,True,False,False,False,True,True,True,True
6809.T,2023-03-31,Industrials,False,False,False,False,True,False,False,True,True,True,False,True,True,False,True
6810.T,2023-03-31,Technology,False,True,False,False,True,False,True,True,True,True,False,True,False,False,True
6814.T,2023-02-28,Technology,False,False,False,False,False,False,False,True,True,False,True,False,True,False,True
6817.T,2022-12-31,Technology,True,False,True,False,True,False,True,True,True,True,False,True,True,False,True
6819.T,2023-03-31,Consumer Cyclical,True,False,True,True,True,True,True,True,False,True,True,True,True,False,True
6820.T,2023-03-31,Technology,True,False,False,False,True,False,False,True,True,True,True,True,True,False,True
6822.T,2023-03-31,Technology,False,False,False,False,False,False,True,True,True,True,False,False,False,False,False
6823.T,2023-03-31,Healthcare,False,False,False,True,True,False,True,True,True,False,False,True,True,False,True
6824.T,2023-03-31,Technology,False,False,False,True,True,False,True,True,True,False,True,True,True,True,True
6832.T,2023-03-31,Technology,False,False,False,False,True,False,False,True,True,False,False,True,True,False,False
6834.T,2023-03-31,Technology,False,False,False,False,True,False,False,True,True,False,True,True,True,False,False
6835.T,2022-12-31,Technology,True,True,True,True,True,True,True,True,True,True,True,True,True,True,False
6836.T,2023-03-31,Technology,True,False,False,False,False,False,True,True,False,False,False,False,False,False,True
6837.T,2023-03-31,Technology,False,False,False,False,True,False,True,True,True,False,True,True,False,False,True
6838.T,2023-03-31,Industrials,False,False,False,False,False,False,True,True,True,False,False,False,False,False,True
6840.T,2023-03-31,Technology,True,False,True,True,False,False,True,True,False,True,False,True,True,False,True
6841.T,2023-03-31,Industrials,True,True,True,True,True,False,False,True,False,True,True,True,True,False,True
6844.T,2023-03-31,Technology,False,False,False,False,True,False,False,True,True,False,False,True,False,False,False
6845.T,2023-03-31,Industrials,False,True,True,True,True,False,False,True,False,True,False,True,True,False,True
6848.T,2023-03-31,Technology,False,False,False,False,True,False,True,True,True,False,False,True,True,False,False
6849.T,2023-03-31,Healthcare,False,False,True,True,False,False,False,True,False,False,False,True,True,True,False
6850.T,2023-03-31,Technology,True,False,False,False,True,False,True,True,True,True,True,True,True,True,True
6853.T,2022-12-31,Technology,False,False,False,False,True,False,False,True,True,False,True,True,True,False,True
6855.T,2023-03-31,Technology,False,False,True,True,True,True,True,True,True,False,True,True,True,False,True
6856.T,2022-12-31,Technology,True,False,True,True,True,False,True,True,False,True,True,True,True,False,True
6857.T,2023-03-31,Technology,True,True,True,True,True,False,False,True,False,True,False,True,True,True,True
6858.T,2022-12-31,Technology,False,False,False,False,False,False,False,True,True,True,True,False,False,False,True
6859.T,2023-03-31,Technology,True,False,False,False,True,False,True,True,False,True,False,True,True,False,True
6861.T,2023-03-31,Technology,True,False,True,True,True,True,False,True,False,True,False,True,True,False,False
6862.T,2023-03-31,Technology,False,False,True,False,True,False,True,True,True,False,True,True,True,False,False
6863.T,2023-03-31,Technology,True,False,False,True,True,False,True,True,True,True,False,True,True,False,True
6864.T,2023-03-31,Technology,False,False,False,False,True,False,False,True,True,False,False,True,True,False,True
6866.T,2022-12-31,Technology,False,False,True,True,True,False,False,True,False,True,False,True,True,False,True
6867.T,2023-03-31,Technology,False,False,False,False,False,False,True,True,True,False,False,False,False,False,True
6869.T,2023-03-31,Healthcare,False,False,True,True,True,False,False,True,False,False,False,True,True,True,False
6870.T,2022-12-31,Industrials,True,False,False,False,True,False,True,True,True,True,False,True,True,False,True
6874.T,2023-06-30,Technology,True,False,False,True,True,False,True,True,True,True,False,True,True,False,False
6875.T,2023-03-31,Technology,False,False,False,True,True,False,True,True,True,False,False,True,False,False,True
6879.T,2023-03-31,Communication Services,True,False,False,False,True,False,True,True,True,True,True,True,True,False,True
6882.T,2023-03-31,Industrials,False,True,False,False,False,False,True,True,True,True,False,True,False,False,True
6888.T,2023-06-30,Technology,True,False,True,True,True,False,True,True,False,True,True,True,True,False,False
6890.T,2023-03-31,Technology,True,True,True,True,True,False,True,True,True,False,True,True,True,True,True
6894.T,2023-03-31,Industrials,False,False,False,True,False,False,True,True,True,False,False,False,True,False,True
6897.T,2023-02-28,Consumer Cyclical,False,False,False,False,True,False,False,True,True,False,False,True,False,False,False
6898.T,2023-01-31,Technology,False,False,False,False,True,False,False,True,True,False,True,True,False,False,False
6899.T,2023-03-31,Technology,True,False,False,False,True,False,True,True,True,True,True,True,True,False,True
6901.T,2023-03-31,Consumer Cyclical,False,False,False,False,True,False,False,True,True,False,False,True,True,False,True
6902.T,2023-03-31,Consumer Cyclical,False,True,False,False,True,False,False,True,True,True,False,True,True,False,True
6904.T,2023-03-31,Technology,True,False,False,False,True,False,True,False,False,False,True,True,False,False,True
6905.T,2023-05-31,Industrials,True,True,False,True,True,False,True,True,False,True,False,True,True,True,False
6907.T,2023-03-31,Technology,True,False,False,False,True,False,True,True,True,False,True,True,False,False,False
6908.T,2023-03-31,Technology,True,False,False,True,True,False,False,True,False,True,True,True,True,False,False
6912.T,2023-03-31,Industrials,True,False,False,True,True,False,True,True,False,True,False,True,True,False,True
6914.T,2022-12-31,Technology,True,False,True,True,True,False,False,True,False,True,True,True,True,False,False
6915.T,2022-12-31,Technology,False,False,False,True,True,False,True,True,True,True,False,True,True,False,True
6918.T,2023-03-31,Technology,True,True,True,True,True,False,True,True,False,True,True,False,True,True,True
6919.T,2023-03-31,Technology,False,True,True,True,True,False,True,True,True,True,False,True,True,False,True
6920.T,2023-06-30,Technology,True,True,True,True,True,True,False,True,False,True,True,True,True,True,True
6923.T,2023-03-31,Consumer Cyclical,False,False,False,False,True,False,False,True,True,True,True,True,True,False,False
6925.T,2023-03-31,Industrials,False,False,False,False,True,False,False,True,True,True,False,True,False,False,False
6926.T,2023-03-31,Technology,False,False,False,False,False,False,True,True,True,True,False,True,False,False,False
6927.T,2023-03-31,Technology,False,False,False,False,True,False,False,True,False,False,True,True,True,False,False
6928.T,2023-03-31,Technology,False,False,False,False,True,False,True,True,True,False,False,True,True,True,True
6929.T,2022-12-31,Technology,True,False,False,True,True,True,True,True,False,True,False,True,True,False,True
6930.T,2023-03-31,Technology,False,False,False,False,False,False,True,True,True,False,False,False,False,False,False
6932.T,2023-03-31,Consumer Cyclical,False,False,False,True,True,False,True,True,True,False,True,True,True,False,False
6937.T,2023-03-31,Industrials,False,False,False,False,True,False,False,True,False,False,False,True,True,False,False
6941.T,2023-03-31,Technology,False,False,True,True,True,True,True,True,False,False,True,True,True,True,True
6942.T,2023-03-31,Technology,False,False,False,False,True,False,False,False,False,False,False,True,True,False,False
6943.T,2023-03-31,Industrials,True,True,False,True,True,False,True,True,True,True,False,True,False,False,False
6946.T,2023-03-31,Industrials,False,True,True,True,False,False,True,True,False,False,False,False,True,False,True
6947.T,2023-03-31,Technology,False,False,False,True,True,False,False,True,False,False,True,True,True,False,True
6951.T,2023-03-31,Technology,True,False,True,True,True,False,True,True,False,True,False,True,True,False,True
6952.T,2023-03-31,Technology,False,False,False,False,True,False,False,True,False,False,False,True,True,False,True
6954.T,2023-03-31,Industrials,False,True,True,True,True,False,False,True,False,True,False,True,True,True,False
6955.T,2023-03-31,Industrials,False,False,False,False,True,False,False,False,False,False,False,True,False,False,True
6957.T,2023-03-31,Technology,False,True,True,True,True,False,True,True,False,False,False,True,True,False,True
6958.T,2023-03-31,Technology,False,False,False,False,True,False,False,True,True,False,True,True,False,False,True
6960.T,2023-03-31,Healthcare,False,True,True,True,True,False,True,True,True,False,True,True,True,False,True
6961.T,2023-03-31,Technology,True,True,False,True,True,True,True,True,True,True,True,True,True,False,True
6962.T,2023-03-31,Technology,False,False,False,False,True,False,True,True,True,False,False,True,True,False,True
6963.T,2023-03-31,Technology,False,True,False,True,True,False,True,True,True,True,False,True,True,False,True
6964.T,2023-03-31,Technology,False,False,False,False,True,False,True,True,True,False,True,True,True,False,True
6966.T,2023-01-31,Technology,True,True,True,True,True,False,False,True,False,True,True,True,False,True,True
6967.T,2023-03-31,Technology,False,True,True,True,True,True,True,True,False,False,True,True,True,True,True
6969.T,2023-03-31,Technology,False,False,True,False,True,False,True,True,True,True,True,True,False,False,True
6971.T,2023-03-31,Industrials,False,False,False,False,True,False,True,True,True,False,False,True,True,False,True
6973.T,2023-03-31,Technology,False,False,False,False,False,False,True,True,True,False,True,False,False,False,True
6976.T,2023-03-31,Technology,False,False,False,False,True,True,False,True,False,False,False,True,True,False,True
6977.T,2022-12-31,Technology,True,False,False,False,False,False,True,False,True,True,False,False,True,False,False
6981.T,2023-03-31,Technology,False,False,False,True,True,False,False,False,False,False,False,True,True,False,True
6982.T,2023-03-31,Consumer Cyclical,False,False,False,False,True,False,True,True,True,True,False,True,False,False,False
6986.T,2023-03-31,Technology,True,False,False,False,False,False,True,True,True,False,False,False,False,False,False
6988.T,2023-03-31,Basic Materials,False,True,True,True,True,True,True,True,False,True,False,True,True,True,True
6989.T,2023-03-31,Technology,False,False,False,False,True,False,False,True,True,False,True,True,True,False,True
6993.T,2023-03-31,Industrials,False,True,False,False,True,False,True,False,False,False,False,True,False,False,False
6994.T,2023-03-31,Industrials,False,False,False,False,True,False,False,True,True,False,True,True,True,False,False
6995.T,2023-03-31,Consumer Cyclical,True,False,False,False,True,False,False,True,True,True,True,True,True,False,True
6996.T,2023-03-31,Technology,False,False,False,False,True,False,True,True,False,False,True,True,True,False,True
6997.T,2023-03-31,Technology,False,False,False,False,False,False,False,True,True,True,True,True,False,False,False
6998.T,2023-03-31,Industrials,False,False,False,False,True,False,True,True,True,False,True,True,False,False,False
6999.T,2023-03-31,Technology,True,True,False,True,True,False,True,True,True,True,True,True,True,True,True
7003.T,2023-03-31,Industrials,False,False,True,False,False,False,True,False,True,True,False,False,False,False,True
7004.T,2023-03-31,Industrials,True,True,True,False,True,False,True,False,True,True,True,True,True,True,True
7011.T,2023-03-31,Industrials,False,False,False,False,True,False,True,True,True,True,True,True,True,False,True
7012.T,2023-03-31,Industrials,True,False,False,False,True,False,True,False,True,True,True,True,False,False,True
7013.T,2023-03-31,Industrials,False,False,False,False,True,False,True,False,False,False,False,True,True,False,True
7014.T,2023-03-31,Industrials,False,False,True,True,True,False,True,True,True,True,True,True,False,False,True
7018.T,2023-03-31,Industrials,True,False,False,False,False,False,True,False,True,True,False,False,False,False,True
7021.T,2023-03-31,Industrials,True,False,False,False,True,False,True,True,True,False,True,True,False,False,True
7022.T,2023-03-31,Industrials,False,False,False,False,False,False,True,True,True,False,False,True,False,False,True
7031.T,2023-03-31,Industrials,True,True,False,True,True,True,False,True,False,True,True,True,True,False,False
7035.T,2023-08-31,Technology,False,False,False,False,False,False,False,False,False,True,True,False,False,False,False
7036.T,2022-12-31,Communication Services,False,False,True,True,False,False,False,True,False,False,False,False,True,False,False
7037.T,2022-12-31,Healthcare,False,False,False,False,True,False,True,False,False,False,True,True,False,True,False
7038.T,2022-12-31,Industrials,True,False,True,True,True,True,False,True,False,True,True,True,True,True,False
7039.T,2022-12-31,Industrials,True,True,True,True,True,False,False,True,False,True,True,True,True,True,True
7040.T,2023-03-31,Consumer Cyclical,False,False,False,False,True,False,True,False,False,False,True,True,False,False,True
7043.T,2022-12-31,Industrials,False,False,True,True,True,False,False,True,False,False,False,True,False,False,False
7044.T,2022-12-31,Communication Services,False,False,False,False,True,False,True,True,False,False,True,True,False,False,False
7046.T,2023-03-31,Technology,True,False,False,True,True,False,False,True,False,True,True,True,True,False,True
7047.T,2023-03-31,Communication Services,True,False,True,True,True,False,False,True,False,True,False,True,False,True,True
7048.T,2022-12-31,Consumer Cyclical,True,False,False,False,True,True,True,True,False,True,True,True,False,False,False
7049.T,2023-02-28,Industrials,False,False,False,False,False,False,True,True,False,False,True,False,False,True,False
7050.T,2023-04-30,Communication Services,False,False,True,True,False,False,True,True,False,False,False,True,True,False,False
7057.T,2023-03-31,Industrials,False,False,True,False,True,False,True,True,False,False,False,True,True,False,False
7058.T,2023-03-31,Industrials,False,False,False,True,False,False,True,True,True,False,False,True,True,False,True
7059.T,2023-03-31,Industrials,False,False,True,True,True,False,False,True,False,False,True,True,True,True,True
7060.T,2023-03-31,Technology,True,False,False,False,True,False,False,True,False,False,True,True,True,False,False
7061.T,2022-12-31,Healthcare,True,False,True,False,True,False,False,False,False,True,True,True,True,True,True
7062.T,2023-03-31,Consumer Cyclical,False,False,False,False,False,False,False,True,False,False,False,True,True,False,False
7063.T,2023-06-30,Communication Services,False,False,False,False,False,False,True,False,False,False,True,False,False,False,False
7064.T,2023-01-31,Industrials,True,False,True,True,True,True,False,True,False,True,True,True,False,True,False
7065.T,2023-08-31,Industrials,False,False,False,False,True,False,False,True,False,True,True,True,True,True,False
7067.T,2023-03-31,Communication Services,False,False,False,False,False,False,False,True,False,False,False,True,False,False,False
7068.T,2023-05-31,Communication Services,False,False,False,False,True,False,False,True,False,False,False,True,True,True,False
7073.T,2023-01-31,Consumer Defensive,True,False,True,False,True,False,False,True,False,True,False,True,False,False,True
7077.T,2023-02-28,Communication Services,False,False,False,True,True,True,True,True,False,False,False,True,True,False,True
7078.T,2023-03-31,Communication Services,True,False,False,False,True,False,True,True,False,False,True,True,False,False,True
7079.T,2023-03-31,Healthcare,False,True,True,True,True,True,False,True,False,False,True,True,True,True,True
7080.T,2022-12-31,Industrials,False,False,True,True,True,True,False,True,False,True,True,True,False,False,False
7081.T,2022-12-31,Industrials,False,False,True,True,True,False,True,True,True,False,True,True,True,False,True
7082.T,2022-12-31,Communication Services,False,True,True,True,True,True,False,True,False,False,False,True,True,True,True
7084.T,2023-03-31,Consumer Defensive,False,False,False,False,True,False,False,True,True,False,False,True,True,True,False
7085.T,2023-08-31,Consumer Cyclical,False,True,True,True,True,True,False,True,False,False,False,True,True,False,False
7086.T,2023-05-31,Consumer Cyclical,False,True,True,False,True,False,False,False,False,True,True,True,True,True,True
7087.T,2023-03-31,Technology,True,False,False,True,True,False,True,True,True,True,True,True,True,True,False
7088.T,2023-03-31,Industrials,False,False,False,True,True,False,True,True,True,False,False,True,True,False,True
7089.T,2023-03-31,Industrials,False,False,True,True,False,False,True,True,False,False,True,True,True,True,True
7090.T,2023-03-31,Healthcare,False,False,False,False,False,False,True,False,False,False,False,True,False,False,True
7091.T,2023-03-31,Healthcare,False,False,False,False,True,False,False,False,False,False,True,True,True,True,False
7092.T,2023-03-31,Consumer Cyclical,False,False,True,True,True,True,False,True,False,False,True,True,True,False,False
7093.T,2022-12-31,Technology,True,False,True,True,True,False,False,True,False,True,True,True,False,True,False
7094.T,2023-03-31,Industrials,True,True,True,True,True,True,False,True,False,True,True,True,True,True,False
7095.T,2023-04-30,Communication Services,True,True,True,True,True,False,False,True,False,False,True,True,True,True,False
7096.T,2023-03-31,Healthcare,True,False,False,False,True,False,False,True,False,True,False,True,True,False,True
7097.T,2023-07-31,Healthcare,False,False,False,False,True,False,True,True,True,False,False,True,True,True,True
7102.T,2023-03-31,Industrials,False,False,False,False,True,False,True,True,True,False,False,True,True,False,False
7105.T,2023-03-31,Industrials,True,True,False,False,True,False,False,False,False,True,True,True,False,False,True
7110.T,2023-07-31,Consumer Cyclical,True,False,True,True,True,True,False,True,False,False,True,True,True,True,False
7122.T,2023-03-31,Industrials,False,False,False,False,True,True,True,True,True,False,False,True,True,False,True
7126.T,2023-07-31,Consumer Cyclical,True,True,True,True,True,False,True,False,False,True,False,True,True,False,False
7133.T,2023-03-31,Healthcare,False,True,True,True,True,False,False,True,False,False,False,True,True,True,False
7134.T,2023-03-31,Consumer Cyclical,True,True,True,True,True,False,True,True,False,True,False,True,True,True,True
7138.T,2023-03-31,Communication Services,False,False,False,False,True,False,False,True,False,False,True,True,False,False,False
7140.T,2023-03-31,Healthcare,True,True,True,False,False,False,False,True,False,False,True,False,True,True,False
7150.T,2023-03-31,Financial Services,False,False,False,False,False,False,True,False,True,True,False,False,False,False,True
7157.T,2023-03-31,Financial Services,True,False,False,False,True,False,True,False,False,False,True,True,False,True,True
7161.T,2023-03-31,Financial Services,False,False,False,False,False,False,True,False,True,False,False,False,False,False,True
7162.T,2023-03-31,Financial Services,False,False,False,False,True,False,True,True,True,False,True,False,False,False,False
7163.T,2023-03-31,Financial Services,False,True,True,False,False,False,True,False,False,True,False,False,True,True,False
7164.T,2023-03-31,Financial Services,False,True,True,True,True,True,True,True,False,False,False,True,True,True,True
7167.T,2023-03-31,Financial Services,False,False,False,False,False,False,True,False,True,False,False,False,True,False,True
7172.T,2022-12-31,Industrials,True,False,False,False,False,False,True,False,True,True,True,False,True,False,True
7173.T,2023-03-31,Financial Services,False,False,False,False,False,False,True,False,True,True,True,False,True,True,True
7175.T,2023-03-31,Financial Services,False,False,False,False,True,True,True,True,True,False,True,True,True,False,True
7177.T,2022-12-31,Financial Services,False,False,False,False,True,False,False,False,False,False,True,True,True,True,True
7180.T,2023-03-31,Financial Services,True,False,False,False,False,False,True,False,True,True,False,False,True,True,True
7181.T,2023-03-31,Financial Services,False,False,False,False,False,False,True,False,True,False,True,False,True,False,True
7182.T,2023-03-31,Financial Services,False,False,False,False,False,False,True,False,True,False,True,False,True,False,True
7183.T,2023-03-31,Financial Services,False,False,True,False,True,False,True,False,False,False,True,True,True,True,False
7184.T,2023-03-31,Financial Services,True,True,False,False,False,False,True,False,True,True,True,False,True,False,True
7185.T,2023-03-31,Financial Services,True,False,True,False,True,False,True,False,False,True,False,True,True,False,True
7186.T,2023-03-31,Financial Services,False,False,False,False,True,True,True,False,True,True,True,True,True,False,True
7187.T,2023-03-31,Real Estate,True,True,True,True,True,True,True,True,False,False,True,True,True,True,True
7189.T,2023-03-31,Financial Services,False,False,False,False,False,False,True,False,True,True,False,False,True,False,True
7191.T,2023-03-31,Financial Services,True,True,True,True,True,True,False,True,False,True,True,True,True,True,True
7192.T,2023-03-31,Financial Services,False,False,True,False,True,True,True,True,False,False,False,True,True,False,False
7196.T,2023-01-31,Financial Services,False,False,False,False,True,False,False,True,False,False,True,True,True,False,True
7198.T,2023-03-31,Financial Services,False,False,False,False,True,False,True,False,False,False,False,True,True,False,False
7199.T,2023-03-31,Financial Services,True,True,True,False,False,False,False,False,False,False,True,True,True,True,True
7201.T,2023-03-31,Consumer Cyclical,False,True,False,False,True,False,True,True,True,False,True,True,False,False,True
7202.T,2023-03-31,Consumer Cyclical,True,False,True,False,True,False,True,True,True,True,True,True,True,False,True
7203.T,2023-03-31,Consumer Cyclical,False,False,False,False,True,False,True,True,False,False,True,True,True,False,True
7205.T,2023-03-31,Industrials,True,False,False,False,False,False,True,True,True,False,True,True,False,False,True
7208.T,2023-03-31,Consumer Cyclical,True,False,False,False,True,False,True,True,True,True,True,True,False,False,False
7211.T,2023-03-31,Consumer Cyclical,True,False,True,True,True,False,True,True,True,True,True,True,False,False,True
7212.T,2023-03-31,Consumer Cyclical,True,False,False,False,True,False,True,True,True,True,True,True,False,False,True
7213.T,2023-03-31,Technology,False,False,False,False,False,False,True,True,False,False,False,False,False,False,False
7214.T,2023-03-31,Consumer Cyclical,True,True,False,False,True,False,True,True,True,True,True,True,False,False,False
7215.T,2023-03-31,Consumer Cyclical,True,False,False,False,True,False,True,False,True,False,True,True,False,False,False
7217.T,2023-03-31,Consumer Cyclical,False,False,False,True,True,True,True,True,True,False,True,True,True,True,True
7218.T,2023-03-31,Consumer Cyclical,True,True,False,False,True,True,True,True,True,True,True,True,False,False,True
7219.T,2023-08-31,Consumer Cyclical,False,False,False,False,True,False,False,True,True,False,False,True,True,True,False
7220.T,2023-03-31,Consumer Cyclical,False,False,False,False,True,False,False,True,False,False,False,True,False,False,False
7222.T,2023-03-31,Consumer Cyclical,False,False,False,False,True,False,False,True,True,True,False,True,False,False,False
7224.T,2023-03-31,Industrials,False,False,False,False,True,False,True,True,True,False,False,True,True,False,True
7226.T,2023-03-31,Industrials,False,False,False,False,False,False,False,True,True,False,False,True,True,False,True
7228.T,2022-12-31,Consumer Cyclical,False,True,True,True,False,False,True,True,False,False,False,True,True,True,False
7229.T,2023-03-31,Consumer Cyclical,False,False,False,False,True,False,False,True,True,False,False,True,False,True,True
7231.T,2023-03-31,Consumer Cyclical,True,False,False,False,True,False,True,True,True,True,True,True,False,False,True
7235.T,2023-03-31,Consumer Cyclical,False,False,False,False,True,False,True,True,True,False,False,True,False,False,True
7236.T,2023-03-31,Consumer Cyclical,False,False,False,False,True,False,True,True,True,False,False,True,False,False,False
7238.T,2023-03-31,Consumer Cyclical,False,False,False,False,True,False,False,True,True,False,False,True,False,False,False
7239.T,2023-03-31,Consumer Cyclical,False,False,False,False,True,False,True,True,True,True,True,False,False,False,True
7240.T,2023-03-31,Consumer Cyclical,False,False,False,False,True,False,False,True,True,False,False,True,False,False,True
7241.T,2023-03-31,Consumer Cyclical,True,False,True,False,True,False,True,True,True,True,True,True,True,False,True
7242.T,2023-03-31,Consumer Cyclical,False,True,True,True,True,False,True,True,True,True,False,True,False,False,True
7244.T,2022-12-31,Consumer Cyclical,False,False,False,False,True,False,True,True,True,False,True,True,True,False,True
7245.T,2023-03-31,Consumer Cyclical,False,False,False,False,True,False,True,True,True,False,True,True,False,False,True
7246.T,2023-03-31,Consumer Cyclical,False,False,False,False,True,False,True,True,True,False,True,True,True,False,True
7247.T,2023-03-31,Consumer Cyclical,False,False,False,False,True,False,True,True,True,False,False,True,False,False,True
7250.T,2023-03-31,Consumer Cyclical,False,False,False,False,True,False,True,True,True,False,True,True,True,False,True
7254.T,2023-03-31,Consumer Cyclical,False,False,False,False,True,False,True,True,True,False,True,True,False,False,False
7255.T,2023-03-31,Consumer Cyclical,False,False,False,False,False,False,True,True,True,False,False,True,False,False,True
7256.T,2023-03-31,Consumer Cyclical,False,False,False,False,False,False,True,False,True,False,True,False,False,False,False
7259.T,2023-03-31,Consumer Cyclical,False,False,False,False,True,False,False,True,True,False,False,True,True,False,True
7261.T,2023-03-31,Consumer Cyclical,True,False,False,False,True,False,True,True,True,True,False,True,False,False,True
7264.T,2023-03-31,Consumer Cyclical,False,False,False,False,True,False,False,True,True,False,True,True,True,False,True
7266.T,2023-03-31,Consumer Cyclical,True,False,False,False,False,False,True,True,True,False,False,True,False,False,False
7267.T,2023-03-31,Consumer Cyclical,False,False,False,False,True,False,True,True,True,False,True,True,True,False,True
7268.T,2023-03-31,Consumer Cyclical,True,False,False,False,False,False,True,True,True,False,False,False,False,False,False
7269.T,2023-03-31,Consumer Cyclical,True,True,False,False,True,False,True,True,True,True,True,True,True,False,True
7270.T,2023-03-31,Consumer Cyclical,True,False,False,True,True,False,True,True,True,True,True,True,True,False,True
7271.T,2023-03-31,Consumer Cyclical,False,False,True,False,True,False,True,True,False,True,True,True,False,False,False
7272.T,2022-12-31,Consumer Cyclical,False,False,True,True,True,False,True,True,True,False,True,True,True,False,True
7273.T,2023-03-31,Consumer Cyclical,False,False,False,False,True,False,True,True,True,True,False,True,False,False,False
7276.T,2023-03-31,Consumer Cyclical,False,False,False,False,True,False,False,True,False,False,False,True,True,False,False
7277.T,2023-03-31,Consumer Cyclical,False,False,False,False,True,False,True,True,True,False,False,True,False,False,True
7278.T,2023-03-31,Consumer Cyclical,False,False,False,False,True,False,False,True,True,False,True,True,True,False,True
7280.T,2023-03-31,Consumer Cyclical,True,False,False,False,True,False,False,False,True,True,True,True,False,False,True
7282.T,2023-03-31,Consumer Cyclical,False,False,False,False,True,False,False,True,True,False,False,True,True,False,True
7283.T,2023-03-31,Consumer Cyclical,True,True,False,False,True,False,True,True,True,True,False,True,False,False,True
7284.T,2023-03-31,Consumer Cyclical,False,False,False,False,True,False,True,True,True,False,False,True,False,False,True
7287.T,2023-03-31,Consumer Cyclical,False,False,False,False,False,False,False,True,True,True,True,False,False,False,True
7291.T,2023-03-31,Consumer Cyclical,False,False,False,False,True,False,True,True,True,True,False,True,False,False,True
7292.T,2023-03-31,Consumer Cyclical,True,False,False,True,True,False,True,True,True,True,True,True,True,False,False
7294.T,2023-03-31,Consumer Cyclical,True,True,False,False,True,False,True,True,True,True,False,True,False,False,True
7296.T,2023-03-31,Consumer Cyclical,False,True,False,False,True,False,True,True,True,True,True,True,True,False,True
7297.T,2023-03-31,Consumer Cyclical,False,False,False,False,False,False,False,True,True,False,False,False,True,False,True
7298.T,2023-03-31,Consumer Cyclical,False,True,False,False,True,False,True,True,True,True,False,True,False,True,True
7299.T,2023-03-31,Consumer Cyclical,False,False,False,False,True,False,True,True,True,False,False,True,True,False,True
7305.T,2023-03-31,Basic Materials,False,True,False,True,True,False,True,True,True,True,True,True,True,False,True
7309.T,2022-12-31,Consumer Cyclical,False,True,True,True,True,True,False,True,False,False,True,True,True,True,False
7313.T,2023-03-31,Consumer Cyclical,False,False,False,False,True,False,False,True,True,False,False,True,True,False,False
7314.T,2022-12-31,Industrials,False,False,False,False,True,False,True,True,True,False,False,True,False,False,True
7315.T,2023-03-31,Consumer Cyclical,False,False,False,False,True,False,False,True,True,False,True,True,True,False,True
7317.T,2023-03-31,Industrials,True,False,True,False,True,False,False,True,False,True,True,True,True,False,True
7318.T,2023-03-31,Industrials,True,False,False,False,True,False,False,False,False,True,False,True,True,False,True
7320.T,2023-06-30,Industrials,True,True,True,False,True,True,False,False,False,False,True,True,True,True,True
7322.T,2023-03-31,Financial Services,False,True,False,False,False,False,True,False,True,True,False,False,True,False,True
7325.T,2023-06-30,Financial Services,False,False,False,False,True,False,False,True,False,False,False,True,True,True,False
7326.T,2023-03-31,Financial Services,True,True,False,False,True,False,False,False,True,True,False,True,True,True,True
7327.T,2023-03-31,Financial Services,False,False,False,False,False,False,True,False,True,True,False,True,True,False,True
7342.T,2022-12-31,Financial Services,False,True,False,False,False,False,False,True,False,True,False,False,False,True,False
7343.T,2023-03-31,Financial Services,True,True,True,True,True,False,True,True,False,True,True,True,True,True,False
7345.T,2023-03-31,Financial Services,False,False,False,False,False,False,True,True,False,False,False,False,False,False,False
7351.T,2023-08-31,Technology,True,False,False,False,True,False,False,True,False,True,True,True,True,True,False
7352.T,2023-08-31,Industrials,True,False,True,False,True,False,False,False,False,True,True,True,True,True,True
7353.T,2022-12-31,Consumer Defensive,False,False,False,False,True,False,True,False,False,False,True,True,False,True,True
7354.T,2022-12-31,Communication Services,False,True,True,True,True,True,False,True,False,False,True,True,True,True,False
7357.T,2023-02-28,Communication Services,False,False,False,False,True,False,False,True,False,False,True,True,True,False,True
7358.T,2022-12-31,Consumer Cyclical,False,False,True,True,True,False,False,True,False,False,False,True,True,True,False
7359.T,2022-12-31,Communication Services,False,False,False,False,True,False,True,False,False,False,False,True,False,True,True
7362.T,2022-12-31,Healthcare,False,True,True,True,True,False,False,True,False,False,True,True,True,True,False
7367.T,2023-03-31,Industrials,True,False,True,True,True,False,False,True,False,True,False,True,True,False,True
7368.T,2023-03-31,Communication Services,False,False,False,False,True,False,False,True,True,False,False,True,True,False,True
7369.T,2023-06-30,Industrials,True,False,True,True,True,True,True,True,False,True,True,True,True,True,True
7370.T,2023-05-31,Communication Services,False,True,True,True,True,True,True,True,False,False,False,True,True,True,False
7371.T,2023-06-30,Industrials,False,False,False,False,False,False,False,True,True,False,False,True,True,False,True
7373.T,2023-08-31,Industrials,True,True,True,True,True,True,False,True,False,False,True,True,True,True,False
7374.T,2023-03-31,Industrials,False,True,True,True,True,True,True,True,False,False,True,True,False,True,False
7379.T,2023-07-31,Industrials,False,True,True,True,True,False,False,True,False,False,True,True,False,True,False
7383.T,2023-03-31,Financial Services,False,False,False,False,False,False,True,True,False,False,False,False,False,True,False
7399.T,2023-03-31,Industrials,True,False,False,False,False,False,True,True,True,True,False,False,True,False,False
7408.T,2023-03-31,Industrials,False,False,True,False,True,False,False,False,False,True,False,True,False,False,True
7412.T,2023-03-31,Consumer Cyclical,False,False,False,False,True,False,True,True,False,False,False,True,False,False,True
7413.T,2023-03-31,Consumer Defensive,False,False,False,False,False,False,False,True,False,False,False,False,True,False,False
7414.T,2023-03-31,Industrials,False,False,False,False,False,False,True,True,True,False,True,False,True,False,True
7416.T,2023-03-31,Consumer Cyclical,False,False,False,False,True,False,False,True,True,True,True,True,False,False,False
7417.T,2023-03-31,Industrials,False,False,False,True,True,False,True,True,True,True,False,True,True,False,False
7419.T,2023-03-31,Consumer Cyclical,False,False,True,False,True,False,True,False,True,False,False,True,True,False,False
7420.T,2023-05-31,Technology,False,True,False,False,False,False,True,True,True,True,True,False,True,False,True
7421.T,2023-03-31,Consumer Cyclical,False,False,False,False,True,False,True,True,False,False,False,True,False,False,True
7422.T,2022-12-31,Consumer Cyclical,False,False,False,False,False,False,True,True,True,True,False,False,False,False,False
7425.T,2022-12-31,Basic Materials,True,False,False,False,True,False,True,True,True,True,True,True,True,True,True
7426.T,2023-03-31,Basic Materials,False,False,False,False,True,False,True,True,True,False,True,True,False,False,True
7427.T,2023-02-28,Consumer Defensive,True,True,False,False,True,False,True,True,True,True,True,True,True,True,True
7433.T,2023-03-31,Technology,True,True,True,True,False,False,True,True,False,True,False,False,True,True,True
7434.T,2023-05-31,Industrials,True,False,False,False,True,False,True,True,True,True,False,True,True,False,True
7435.T,2023-04-30,Industrials,False,False,False,False,True,False,True,True,True,True,True,True,True,False,True
7438.T,2023-03-31,Industrials,False,False,False,False,True,False,True,True,True,True,True,True,True,False,True
7442.T,2023-03-31,Consumer Cyclical,False,False,False,False,True,False,True,True,True,True,True,False,True,False,False
7443.T,2023-03-31,Consumer Defensive,True,False,False,False,True,False,False,True,False,True,True,True,True,False,True
7444.T,2023-03-31,Consumer Cyclical,False,False,False,False,True,False,True,True,True,True,True,True,True,True,False
7445.T,2023-08-31,Consumer Cyclical,True,False,False,False,False,False,False,True,False,False,False,False,False,False,False
7447.T,2023-08-31,Consumer Cyclical,False,False,False,True,True,False,False,True,False,False,True,False,True,False,True
7450.T,2023-02-28,Consumer Cyclical,False,False,False,False,True,False,False,True,False,False,False,True,False,False,True
7451.T,2023-03-31,Consumer Defensive,False,False,False,False,True,False,True,False,True,True,True,True,True,False,True
7453.T,2023-08-31,Consumer Cyclical,False,False,False,False,True,False,False,True,False,False,True,True,True,True,True
7455.T,2023-03-31,Consumer Cyclical,False,False,False,False,True,False,False,True,True,True,True,True,False,False,False
7456.T,2023-03-31,Basic Materials,False,True,True,True,True,False,True,True,True,False,True,True,True,True,True
7458.T,2023-03-31,Consumer Cyclical,True,False,False,False,True,True,False,True,False,True,True,True,False,False,True
7459.T,2023-03-31,Healthcare,False,False,False,False,True,False,True,True,True,True,False,True,True,False,True
7460.T,2023-03-31,Consumer Cyclical,True,False,False,False,True,False,True,True,True,True,True,True,True,False,True
7461.T,2023-03-31,Basic Materials,False,True,False,False,True,False,True,True,True,False,True,True,True,True,True
7462.T,2023-03-31,Energy,False,False,False,False,False,False,False,True,True,False,False,False,True,False,False
7463.T,2023-03-31,Basic Materials,False,False,False,True,True,False,True,True,False,False,False,True,True,False,True
7464.T,2023-03-31,Industrials,False,False,False,False,True,False,True,True,True,False,False,True,True,False,True
7466.T,2023-03-31,Consumer Cyclical,True,False,False,True,True,False,True,True,True,True,True,True,True,False,True
7467.T,2023-03-31,Technology,True,False,True,False,False,False,True,True,True,True,True,False,True,False,True
7472.T,2023-03-31,Industrials,False,False,False,False,True,False,True,True,True,False,True,True,True,False,True
7475.T,2023-03-31,Consumer Defensive,False,False,False,False,True,False,True,True,True,False,False,True,True,False,False
7476.T,2023-03-31,Healthcare,False,True,True,True,True,False,False,True,False,True,False,True,True,True,False
7477.T,2023-03-31,Consumer Cyclical,False,True,False,False,True,False,False,True,True,True,True,True,True,False,True
7480.T,2023-03-31,Industrials,True,False,True,True,True,False,True,True,False,True,False,True,True,True,False
7481.T,2023-03-31,Consumer Defensive,False,False,True,False,True,False,True,True,False,True,True,True,False,False,True
7482.T,2023-03-31,Consumer Cyclical,True,False,False,False,True,False,False,True,True,True,True,True,False,False,True
7483.T,2023-03-31,Industrials,False,False,False,True,True,False,True,True,True,True,True,True,True,False,True
7486.T,2023-03-31,Energy,False,False,False,False,True,False,False,True,True,False,False,True,True,False,True
7487.T,2023-05-31,Basic Materials,False,False,False,False,True,False,False,True,True,False,True,True,True,False,True
7490.T,2023-03-31,Industrials,False,False,False,False,True,False,False,True,True,False,True,True,True,False,True
7500.T,2023-06-30,Technology,True,False,True,True,True,False,True,True,False,True,True,True,True,False,True
7502.T,2023-03-31,Consumer Cyclical,False,False,False,False,True,False,True,False,False,False,False,True,False,False,False
7504.T,2023-03-31,Consumer Cyclical,False,True,False,True,True,False,True,True,False,True,False,True,True,True,False
7506.T,2023-03-31,Consumer Cyclical,True,False,False,True,True,False,True,True,False,True,True,False,False,False,False
7508.T,2023-03-31,Consumer Defensive,False,False,True,True,True,False,False,True,False,False,False,True,True,True,False
7509.T,2023-03-31,Industrials,False,False,False,False,True,False,True,True,True,False,False,True,False,False,True
7510.T,2023-03-31,Technology,True,False,False,False,False,False,True,True,True,True,True,False,True,False,True
7512.T,2023-02-28,Consumer Cyclical,False,False,False,False,True,False,False,True,False,True,True,True,True,False,True
7513.T,2023-08-31,Consumer Cyclical,False,False,False,False,True,False,False,True,True,False,False,True,True,False,True
7514.T,2023-08-31,Consumer Cyclical,False,False,False,False,False,False,False,True,True,False,False,True,False,False,False
7515.T,2023-02-28,Consumer Defensive,False,False,False,False,True,False,False,False,True,False,False,True,True,False,True
7516.T,2023-02-28,Consumer Cyclical,False,False,False,False,True,False,True,True,True,False,False,True,True,False,True
7518.T,2023-03-31,Technology,True,False,True,True,True,True,False,True,False,True,True,True,True,False,False
7520.T,2023-02-28,Consumer Defensive,False,False,False,False,True,False,True,True,False,False,False,True,True,False,True
7521.T,2023-03-31,Industrials,True,False,False,False,True,False,True,True,True,True,True,True,False,False,False
7522.T,2023-03-31,Consumer Cyclical,False,False,False,False,True,False,False,True,False,True,True,True,False,False,False
7523.T,2023-03-31,Consumer Cyclical,False,False,False,False,True,False,True,True,True,True,True,True,True,False,True
7524.T,2023-03-31,Consumer Cyclical,True,False,False,False,True,False,True,False,False,False,False,True,False,False,False
7525.T,2023-03-31,Industrials,True,False,True,True,True,False,True,True,False,True,False,True,True,False,True
7531.T,2022-12-31,Basic Materials,False,False,False,False,False,False,True,True,True,False,True,True,True,False,True
7532.T,2023-06-30,Consumer Defensive,False,True,True,False,True,False,False,True,False,False,True,True,True,True,True
7537.T,2023-03-31,Technology,True,False,False,False,False,False,True,True,True,True,False,False,False,False,False
7538.T,2023-03-31,Consumer Defensive,False,False,False,False,False,False,True,True,True,True,True,False,False,False,True
7544.T,2023-02-28,Consumer Defensive,True,False,False,False,True,False,True,True,True,False,False,True,False,False,True
7545.T,2023-02-28,Consumer Cyclical,False,False,False,True,True,False,True,True,False,False,False,True,True,True,True
7550.T,2023-03-31,Consumer Cyclical,False,False,True,False,True,False,False,False,False,False,True,True,True,False,True
7551.T,2023-03-31,Consumer Cyclical,True,False,True,True,True,False,True,True,True,True,True,True,True,True,False
7552.T,2023-03-31,Consumer Cyclical,False,True,False,False,True,False,True,True,False,False,True,True,True,True,True
7554.T,2023-03-31,Consumer Cyclical,False,False,False,False,True,False,True,False,False,False,True,True,False,False,False
7555.T,2023-03-31,Consumer Defensive,True,False,False,False,True,True,True,True,True,True,True,True,False,False,False
7559.T,2023-03-31,Consumer Defensive,False,False,False,False,True,False,False,True,True,True,True,True,False,False,True
7561.T,2023-03-31,Consumer Cyclical,False,False,False,False,True,False,True,True,True,True,False,True,True,False,False
7562.T,2023-03-31,Consumer Cyclical,False,False,False,False,True,False,True,False,False,False,False,True,False,False,True
7564.T,2023-03-31,Consumer Cyclical,False,False,True,True,True,False,False,True,False,False,True,True,True,True,False
7565.T,2023-03-31,Technology,True,False,False,False,False,False,True,True,True,True,False,False,True,False,True
7567.T,2023-03-31,Industrials,True,True,True,True,True,False,True,True,True,True,True,True,True,True,False
7570.T,2023-03-31,Industrials,False,True,False,False,True,False,True,True,True,False,True,True,True,False,False
7571.T,2023-03-31,Industrials,True,False,True,False,False,False,True,False,False,True,False,True,False,False,True
7575.T,2023-03-31,Healthcare,False,False,True,True,True,True,True,True,False,False,True,True,True,False,True
7578.T,2023-03-31,Consumer Cyclical,False,False,False,False,True,True,True,True,True,False,False,True,False,False,True
7581.T,2023-08-31,Consumer Cyclical,False,False,False,False,True,False,False,True,False,False,True,True,False,False,False
7585.T,2023-06-30,Consumer Cyclical,True,False,False,False,False,False,True,True,False,False,True,False,False,False,True
7590.T,2023-01-31,Consumer Cyclical,False,False,False,False,False,False,False,True,True,False,False,True,True,False,False
7593.T,2023-03-31,Consumer Cyclical,False,False,False,False,True,False,True,True,True,False,True,True,True,False,False
7595.T,2023-03-31,Technology,False,False,True,True,True,False,False,True,False,True,False,True,True,False,False
7596.T,2023-03-31,Consumer Defensive,False,False,False,False,True,False,False,True,False,False,True,True,True,False,True
7599.T,2023-02-28,Consumer Cyclical,False,False,True,True,True,False,True,True,False,True,False,True,True,False,True
7600.T,2023-03-31,Healthcare,False,False,False,False,True,False,False,True,False,False,True,True,True,False,False
7601.T,2023-02-28,Consumer Cyclical,False,False,True,False,True,False,True,False,True,False,True,True,False,False,True
7602.T,2023-03-31,Consumer Cyclical,True,False,False,False,False,False,True,True,True,False,True,False,False,True,True
7603.T,2023-02-28,Consumer Cyclical,False,True,False,False,False,False,True,True,False,False,False,False,False,False,True
7604.T,2023-04-30,Consumer Cyclical,False,False,False,False,True,False,True,False,False,False,False,True,False,False,True
7606.T,2023-03-31,Consumer Cyclical,True,False,True,True,True,False,False,True,False,True,True,True,False,False,False
7607.T,2023-08-31,Industrials,False,False,False,True,True,False,False,True,True,False,False,True,True,False,False
7608.T,2023-02-28,Consumer Cyclical,True,False,False,True,False,False,True,True,False,True,False,False,True,False,False
7609.T,2022-12-31,Technology,True,False,True,True,False,False,True,True,False,True,False,False,True,False,True
7610.T,2023-02-28,Consumer Cyclical,False,False,True,True,True,False,True,True,False,False,True,True,True,True,True
7611.T,2023-02-28,Consumer Cyclical,True,False,False,True,True,False,False,True,False,False,True,True,False,False,True
7613.T,2022-12-31,Technology,False,False,False,False,True,False,True,True,True,False,True,True,True,False,True
7614.T,2023-01-31,Consumer Defensive,False,False,False,False,True,False,True,True,True,False,True,True,True,False,True
7615.T,2023-03-31,Consumer Cyclical,True,False,False,False,False,False,True,True,True,False,False,False,False,False,False
7616.T,2023-03-31,Consumer Cyclical,False,False,False,False,True,False,True,False,False,False,True,True,False,False,True
7619.T,2023-03-31,Technology,True,False,False,False,True,False,True,True,True,True,True,True,True,False,True
7621.T,2023-03-31,Consumer Cyclical,False,False,True,True,True,True,False,True,False,True,True,True,False,False,True
7623.T,2023-04-30,Consumer Cyclical,False,True,False,False,True,False,True,False,True,True,False,True,True,False,False
7624.T,2023-02-28,Industrials,True,False,False,False,True,False,True,True,True,True,False,True,True,False,False
7625.T,2022-12-31,Consumer Cyclical,False,False,False,False,False,False,False,True,False,False,False,True,False,False,True
7628.T,2023-03-31,Industrials,False,False,False,False,True,False,False,True,True,False,False,True,True,False,True
7630.T,2023-02-28,Consumer Cyclical,False,False,False,True,True,False,False,True,False,False,True,True,True,False,True
7634.T,2023-03-31,Healthcare,False,True,False,True,True,True,True,True,True,True,True,True,True,True,True
7635.T,2023-03-31,Industrials,True,False,False,False,True,False,True,False,True,True,True,True,True,False,True
7636.T,2023-06-30,Consumer Cyclical,False,False,False,False,True,False,True,True,True,False,False,True,True,False,False
7637.T,2023-03-31,Industrials,False,False,True,True,True,False,True,True,False,False,False,True,True,False,False
7638.T,2023-03-31,Consumer Cyclical,False,False,True,True,True,False,False,True,False,True,False,True,True,False,True
7647.T,2023-03-31,Industrials,False,True,False,False,True,True,False,True,False,True,True,True,False,False,False
7649.T,2023-02-28,Healthcare,False,False,False,True,True,False,False,True,False,False,True,True,True,True,True
7670.T,2023-03-31,Industrials,True,False,False,False,True,False,True,True,True,True,False,True,True,False,True
7673.T,2023-05-31,Technology,False,False,False,False,False,False,True,True,True,False,False,False,True,False,True
7677.T,2023-03-31,Industrials,False,False,False,False,False,False,True,True,True,False,False,False,False,False,True
7678.T,2023-03-31,Consumer Cyclical,False,False,False,False,True,False,True,True,False,False,False,True,False,False,True
7679.T,2023-02-28,Healthcare,False,False,True,False,True,False,True,True,False,True,True,True,True,True,True
7682.T,2023-07-31,Consumer Cyclical,False,False,False,False,True,False,True,True,False,False,False,True,False,False,False
7683.T,2023-01-31,Consumer Cyclical,False,False,False,True,True,False,False,True,True,False,False,True,True,False,True
7685.T,2022-12-31,Consumer Cyclical,True,True,True,True,True,False,False,True,False,False,True,True,True,True,False
7686.T,2023-03-31,Consumer Defensive,False,False,True,False,True,False,False,False,False,True,False,True,False,False,True
7687.T,2023-03-31,Consumer Defensive,False,False,True,True,True,False,False,True,False,True,True,True,False,False,True
7692.T,2023-07-31,Utilities,False,False,True,True,True,False,False,True,False,True,True,True,False,True,False
7694.T,2023-03-31,Industrials,False,False,False,False,False,False,True,True,False,False,False,True,False,True,False
7695.T,2023-03-31,Consumer Cyclical,True,False,True,True,True,False,False,True,False,True,True,True,True,True,False
7698.T,2023-03-31,Consumer Defensive,False,False,False,False,True,False,False,False,True,False,False,True,True,True,False
7701.T,2023-03-31,Technology,False,True,True,True,True,True,False,True,False,False,False,True,True,True,True
7705.T,2023-03-31,Technology,True,True,False,True,True,False,True,True,True,True,True,True,True,True,True
7707.T,2023-06-30,Healthcare,False,False,False,False,False,False,True,True,False,False,False,True,False,False,False
7709.T,2023-03-31,Technology,True,False,False,False,False,False,True,True,False,False,False,True,False,False,True
7713.T,2023-05-31,Technology,False,True,False,True,True,False,True,True,True,True,True,True,True,True,False
7715.T,2023-03-31,Technology,True,False,True,True,True,False,True,True,True,True,True,True,True,False,True
7716.T,2022-12-31,Healthcare,False,False,True,True,True,False,False,True,False,True,False,True,True,False,False
7717.T,2023-03-31,Technology,False,False,False,False,False,False,False,True,True,False,False,False,True,False,False
7718.T,2022-12-31,Industrials,True,False,True,True,True,False,True,True,True,True,True,True,True,False,True
7719.T,2023-02-28,Industrials,False,False,False,False,False,False,True,True,True,False,False,False,False,False,True
7721.T,2023-03-31,Technology,False,False,False,False,False,False,False,True,True,False,False,False,True,False,True
7722.T,2023-03-31,Industrials,False,False,False,False,False,False,True,True,True,False,True,False,False,False,False
7723.T,2023-03-31,Technology,False,False,False,True,True,False,True,True,True,True,True,True,True,False,False
7725.T,2023-05-31,Technology,True,False,False,True,True,False,True,True,False,True,True,True,True,False,False
7726.T,2023-03-31,Industrials,True,False,False,False,True,False,True,True,True,True,True,True,True,False,False
7727.T,2023-03-31,Technology,True,False,False,False,True,False,True,True,True,True,False,True,True,False,False
7729.T,2023-03-31,Technology,False,True,True,True,True,False,True,True,False,False,False,True,True,True,True
7730.T,2023-08-31,Healthcare,False,True,True,True,True,True,False,True,False,True,True,True,True,True,True
7731.T,2023-03-31,Consumer Cyclical,False,False,False,False,True,False,True,True,True,True,False,True,False,False,True
7732.T,2023-03-31,Technology,False,True,True,True,True,False,False,True,False,False,False,True,True,False,False
7733.T,2023-03-31,Healthcare,False,False,True,True,True,False,False,True,False,False,False,True,True,False,False
7734.T,2023-03-31,Industrials,True,True,True,True,True,False,True,True,False,True,True,True,True,True,True
7735.T,2023-03-31,Technology,False,True,True,True,True,True,True,True,False,True,True,True,True,False,True
7739.T,2022-12-31,Technology,True,False,False,True,True,False,True,True,True,True,True,True,True,False,True
7740.T,2022-12-31,Consumer Cyclical,True,False,True,True,True,False,True,True,False,True,True,True,True,False,True
7741.T,2023-03-31,Healthcare,False,True,True,True,True,True,False,True,False,False,False,True,True,False,True
7743.T,2023-03-31,Healthcare,False,False,False,False,True,False,True,True,False,False,True,True,False,False,True
7745.T,2023-03-31,Technology,True,True,True,True,True,False,True,True,False,True,True,True,True,False,True
7746.T,2023-03-31,Technology,False,False,True,False,True,False,True,False,False,True,False,True,False,False,True
7747.T,2023-06-30,Healthcare,False,True,False,True,True,False,False,True,False,True,True,True,True,True,False
7749.T,2023-03-31,Healthcare,False,False,False,True,True,True,True,True,True,False,False,True,True,False,True
7751.T,2022-12-31,Technology,False,False,False,False,True,False,True,True,False,True,False,True,True,False,True
7752.T,2023-03-31,Industrials,True,False,False,False,True,False,True,True,True,True,False,True,False,False,True
7762.T,2023-03-31,Industrials,False,False,False,True,True,False,True,True,True,True,False,True,False,False,True
7769.T,2023-03-31,Consumer Cyclical,False,False,False,False,True,False,False,True,True,False,False,True,False,False,False
7771.T,2023-03-31,Consumer Cyclical,False,False,True,False,True,False,True,False,False,True,True,True,False,False,False
7774.T,2023-03-31,Healthcare,True,False,False,False,False,False,True,True,False,False,True,False,False,False,True
7775.T,2023-03-31,Healthcare,False,False,True,True,True,False,False,True,False,False,False,True,True,False,True
7776.T,2022-12-31,Healthcare,False,False,False,False,False,False,True,True,False,True,True,False,False,False,True
7777.T,2023-04-30,Healthcare,True,False,False,False,False,False,True,False,False,False,False,False,False,True,False
7779.T,2023-03-31,Healthcare,False,False,False,False,False,False,True,True,False,True,True,False,False,True,True
7780.T,2023-03-31,Healthcare,False,True,False,False,True,False,False,True,False,True,True,True,True,True,False
7781.T,2023-06-30,Industrials,True,False,True,True,True,False,True,True,False,True,True,True,True,True,True
7782.T,2022-12-31,Healthcare,False,False,False,False,False,False,False,True,False,False,True,False,True,False,True
7791.T,2023-03-31,Consumer Cyclical,False,False,True,False,True,False,True,True,True,False,False,True,True,False,True
7793.T,2023-04-30,Industrials,False,False,False,False,True,False,False,True,False,False,False,True,True,True,False
7794.T,2023-03-31,Consumer Cyclical,True,True,True,True,True,False,False,True,False,True,True,True,True,True,False
7807.T,2023-02-28,Consumer Cyclical,False,True,True,True,True,False,True,True,False,False,False,True,False,False,True
7808.T,2023-05-31,Basic Materials,False,False,True,True,True,False,True,True,True,False,True,True,True,False,True
7809.T,2023-06-30,Consumer Cyclical,False,True,True,True,True,True,True,True,False,False,True,True,True,True,False
7810.T,2023-07-31,Consumer Cyclical,False,False,False,False,False,False,True,True,False,False,False,False,False,False,False
7811.T,2023-02-28,Industrials,False,False,False,False,True,False,True,True,True,False,True,True,True,True,True
7812.T,2023-06-30,Industrials,False,True,True,False,True,False,True,True,True,False,True,True,True,True,True
7813.T,2023-06-30,Healthcare,False,False,False,False,True,False,True,True,True,False,True,True,True,False,False
7814.T,2022-12-31,Industrials,True,False,True,False,True,False,True,False,False,True,False,True,True,False,True
7815.T,2023-03-31,Basic Materials,False,False,False,False,True,False,True,False,True,True,True,True,False,False,False
7816.T,2022-12-31,Consumer Cyclical,False,False,True,True,False,False,False,True,False,False,True,True,True,True,False
7817.T,2023-03-31,Healthcare,False,True,False,True,True,False,False,True,False,False,True,True,True,True,False
7818.T,2023-08-31,Consumer Defensive,True,True,True,True,True,True,False,True,False,True,True,True,True,False,True
7820.T,2023-03-31,Industrials,False,False,False,False,True,False,True,True,True,False,True,True,True,False,False
7822.T,2023-03-31,Consumer Cyclical,False,False,False,False,True,False,True,True,True,False,True,True,False,False,False
7823.T,2023-03-31,Consumer Defensive,True,False,False,False,True,False,True,True,False,True,True,True,True,False,True
7826.T,2023-06-30,Technology,False,True,True,True,False,False,True,True,False,False,False,True,True,True,True
7829.T,2023-02-28,Consumer Cyclical,False,False,False,False,False,False,True,False,False,False,False,False,False,False,True
7832.T,2023-03-31,Consumer Cyclical,False,False,True,True,True,False,False,True,False,False,False,True,True,True,True
7833.T,2022-12-31,Industrials,False,False,True,True,True,True,True,True,False,True,True,True,True,False,True
7836.T,2023-03-31,Technology,False,False,False,False,False,False,True,True,False,True,False,False,False,True,True
7837.T,2023-03-31,Real Estate,True,False,False,False,False,False,True,False,False,False,True,False,False,False,True
7840.T,2023-03-31,Consumer Cyclical,False,True,False,False,True,False,True,True,False,True,False,True,True,False,True
7841.T,2022-12-31,Consumer Cyclical,False,False,False,False,True,False,True,True,True,False,True,True,False,False,False
7844.T,2023-03-31,Communication Services,False,False,False,True,True,False,False,True,False,False,False,True,True,False,True
7846.T,2022-12-31,Industrials,False,False,True,True,True,False,True,True,False,False,False,True,True,False,True
7847.T,2023-02-28,Consumer Cyclical,False,True,True,True,True,False,True,True,False,True,False,True,True,True,False
7849.T,2022-12-31,Communication Services,True,False,True,True,True,True,True,True,False,True,True,True,True,False,True
7850.T,2023-07-31,Industrials,False,False,False,False,True,False,True,True,False,True,False,True,False,False,False
7851.T,2023-03-31,Industrials,False,False,False,False,False,False,True,True,True,False,False,True,False,False,True
7857.T,2023-03-31,Communication Services,False,True,False,False,True,False,True,True,True,True,True,True,True,False,False
7859.T,2023-03-31,Technology,False,False,False,False,True,False,False,True,False,True,False,True,False,False,True
7860.T,2023-03-31,Communication Services,True,False,False,False,True,False,False,True,False,True,True,True,False,False,False
7863.T,2023-03-31,Industrials,False,False,True,True,True,False,True,True,False,False,False,True,True,False,True
7864.T,2023-03-31,Consumer Cyclical,False,False,False,False,True,False,True,True,True,True,False,True,True,True,True
7865.T,2023-01-31,Consumer Cyclical,False,True,True,True,True,False,True,True,False,True,True,True,True,True,True
7867.T,2023-03-31,Consumer Cyclical,False,False,False,True,True,False,False,True,False,False,True,True,True,False,True
7868.T,2023-03-31,Industrials,False,True,False,True,True,True,True,True,True,True,False,True,False,False,False
7871.T,2023-03-31,Industrials,False,False,False,False,True,False,True,True,True,True,False,True,True,False,True
7872.T,2023-03-31,Consumer Cyclical,False,False,False,False,False,False,False,True,True,True,False,False,True,False,True
7874.T,2023-03-31,Consumer Cyclical,False,False,False,False,True,False,False,True,True,False,True,True,True,True,True
7875.T,2023-03-31,Communication Services,False,False,False,False,True,False,True,True,True,True,True,True,False,False,True
7877.T,2023-03-31,Basic Materials,False,False,False,False,False,False,True,True,True,False,True,True,False,False,True
7878.T,2023-01-31,Consumer Cyclical,False,False,False,False,False,False,False,True,True,False,False,False,True,False,False
7883.T,2023-03-31,Industrials,False,False,False,False,True,False,False,True,True,True,True,True,True,False,True
7885.T,2023-03-31,Consumer Cyclical,False,False,False,False,True,False,True,True,True,False,True,True,False,False,True
7886.T,2023-03-31,Basic Materials,False,False,False,False,True,False,False,False,True,True,False,True,False,False,True
7887.T,2023-03-31,Consumer Cyclical,False,False,False,True,False,False,True,True,True,True,False,True,True,False,False
7888.T,2023-05-31,Technology,False,True,False,False,True,False,True,True,True,True,True,True,False,True,True
7893.T,2023-03-31,Industrials,False,False,False,False,True,False,False,True,False,False,False,True,True,True,True
7896.T,2023-03-31,Industrials,False,False,False,False,True,False,True,True,True,False,True,True,True,False,True
7897.T,2023-03-31,Basic Materials,False,False,False,False,True,False,True,True,True,False,False,True,True,False,False
7898.T,2023-03-31,Consumer Cyclical,False,False,False,False,True,False,False,True,True,False,False,True,True,False,False
7899.T,2023-04-30,Consumer Cyclical,True,True,False,False,True,False,False,True,True,True,True,True,True,False,False
7901.T,2023-04-30,Basic Materials,False,False,False,False,False,False,False,True,False,True,True,True,False,False,False
7902.T,2023-03-31,Technology,False,False,False,False,False,False,False,True,True,False,False,False,True,False,False
7905.T,2023-03-31,Industrials,False,True,True,True,False,False,True,True,True,True,False,False,True,False,True
7906.T,2023-03-31,Consumer Cyclical,True,False,True,True,True,False,False,True,False,True,False,True,True,False,False
7908.T,2023-03-31,Technology,False,False,False,False,False,False,True,True,True,False,False,True,False,False,True
7911.T,2023-03-31,Industrials,False,False,False,False,True,False,False,True,True,False,True,True,True,False,True
7912.T,2023-03-31,Industrials,False,False,False,False,True,False,True,True,False,False,False,True,True,False,True
7914.T,2023-03-31,Industrials,True,False,False,False,True,True,False,True,True,True,True,True,True,False,True
7915.T,2022-12-31,Technology,False,False,False,False,True,False,True,True,True,False,True,True,False,True,False
7916.T,2023-03-31,Industrials,True,False,False,False,True,False,True,True,True,True,True,False,False,False,True
7917.T,2023-03-31,Consumer Cyclical,False,False,False,False,True,False,True,True,True,False,True,True,True,True,True
7918.T,2023-03-31,Consumer Cyclical,False,False,False,False,True,False,True,False,False,False,True,True,False,False,False
7919.T,2023-03-31,Industrials,True,False,False,False,True,False,True,True,True,True,True,True,False,False,True
7921.T,2023-05-31,Industrials,False,True,True,True,True,True,True,True,False,True,True,True,True,True,True
7922.T,2023-03-31,Industrials,True,True,False,False,True,False,False,True,True,True,False,True,False,False,False
7923.T,2023-03-31,Consumer Cyclical,False,False,False,False,True,False,False,True,True,True,False,True,False,False,True
7925.T,2023-03-31,Basic Materials,True,True,False,False,True,False,False,True,True,True,False,True,True,False,False
7927.T,2023-03-31,Technology,True,False,False,True,True,False,True,True,True,True,True,True,True,False,True
7928.T,2023-08-31,Industrials,False,False,False,False,True,False,False,True,True,False,True,True,True,False,False
7931.T,2023-03-31,Industrials,False,False,False,False,True,False,True,True,False,True,True,True,True,False,True
7932.T,2023-03-31,Consumer Cyclical,False,False,False,False,True,False,True,True,True,False,True,True,True,False,True
7936.T,2022-12-31,Consumer Cyclical,True,False,True,False,False,False,False,True,False,True,False,False,False,False,True
7937.T,2023-03-31,Consumer Cyclical,True,False,False,False,True,False,False,True,True,True,False,True,True,False,True
7938.T,2023-03-31,Consumer Cyclical,True,False,False,False,True,False,True,True,True,True,False,True,False,False,True
7939.T,2023-03-31,Industrials,True,False,False,False,False,False,True,True,True,True,True,False,True,False,True
7940.T,2023-03-31,Basic Materials,True,False,True,True,True,False,True,True,True,True,True,False,True,False,True
7942.T,2023-03-31,Consumer Cyclical,False,False,False,False,True,False,False,True,True,False,True,True,True,False,True
7943.T,2023-03-31,Industrials,False,False,False,True,True,False,True,True,True,False,False,True,True,False,True
7944.T,2022-12-31,Consumer Cyclical,False,True,True,True,True,False,True,True,False,False,True,True,True,True,True
7946.T,2023-03-31,Industrials,True,False,False,False,True,False,False,True,False,True,False,True,False,False,False
7947.T,2023-03-31,Consumer Cyclical,False,False,False,False,True,False,False,True,False,False,True,True,True,False,False
7949.T,2023-03-31,Industrials,True,False,False,False,True,False,True,True,True,True,True,True,True,False,True
7951.T,2023-03-31,Consumer Cyclical,False,False,False,True,False,False,False,True,False,False,False,True,True,False,False
7952.T,2023-03-31,Consumer Cyclical,False,False,False,True,False,False,True,True,True,False,False,True,True,False,True
7953.T,2023-03-31,Industrials,True,False,False,False,True,False,False,True,True,True,False,True,True,False,True
7955.T,2023-03-31,Consumer Cyclical,False,False,False,False,True,False,True,True,True,False,True,True,True,False,False
7957.T,2022-12-31,Industrials,True,False,False,False,True,False,True,True,True,True,False,True,False,False,False
7958.T,2023-03-31,Basic Materials,True,False,False,False,True,False,False,True,True,True,True,True,True,False,True
7962.T,2023-06-30,Industrials,False,False,False,False,True,False,False,True,False,False,True,True,True,True,False
7963.T,2022-12-31,Healthcare,False,False,False,False,True,False,True,True,True,False,True,True,True,True,False
7966.T,2023-03-31,Basic Materials,False,False,False,False,True,False,True,True,True,False,False,True,True,False,True
7970.T,2023-03-31,Basic Materials,True,False,False,True,True,False,True,True,False,True,False,True,True,False,True
7971.T,2023-03-31,Industrials,True,False,False,False,True,False,True,True,True,True,False,True,True,False,True
7972.T,2022-12-31,Consumer Cyclical,True,True,True,False,True,False,True,True,True,True,True,True,False,False,True
7974.T,2023-03-31,Communication Services,False,False,True,True,True,True,False,True,False,False,True,True,True,False,True
7975.T,2023-02-28,Industrials,False,False,False,False,False,False,True,True,True,False,False,False,False,False,True
7976.T,2022-12-31,Industrials,False,False,False,True,True,True,True,True,True,True,True,True,True,False,True
7979.T,2023-03-31,Healthcare,False,True,False,True,True,False,True,True,False,True,True,True,True,False,False
7980.T,2023-03-31,Healthcare,False,False,True,False,True,False,True,True,True,True,True,True,True,False,False
7981.T,2023-03-31,Consumer Cyclical,False,False,False,False,True,False,True,True,True,False,False,True,True,False,True
7984.T,2022-12-31,Industrials,False,False,False,True,True,False,True,True,True,True,False,True,True,False,True
7985.T,2023-03-31,Industrials,False,False,True,False,False,False,True,True,True,True,True,True,True,False,False
7986.T,2022-12-31,Basic Materials,False,False,False,False,False,False,True,True,True,False,False,True,True,False,False
7987.T,2023-03-31,Industrials,False,False,False,False,False,False,True,True,True,False,False,True,False,False,True
7988.T,2023-03-31,Consumer Cyclical,False,False,False,True,True,True,False,True,False,False,True,True,True,False,True
7989.T,2022-12-31,Consumer Cyclical,False,False,False,False,True,False,True,True,True,False,False,True,True,False,True
7990.T,2023-03-31,Consumer Cyclical,False,False,True,True,True,False,True,True,False,False,True,True,True,True,False
7991.T,2023-03-31,Industrials,True,False,True,True,False,False,True,True,True,True,False,True,False,False,True
7992.T,2022-12-31,Industrials,False,False,False,False,False,False,True,True,False,False,False,True,False,False,True
7994.T,2023-03-31,Industrials,False,True,True,True,True,False,True,True,False,True,False,True,True,False,True
7995.T,2023-03-31,Industrials,True,True,True,True,True,False,True,True,False,True,True,True,True,False,True
7999.T,2023-03-31,Industrials,False,False,False,False,True,False,True,True,True,True,True,True,False,False,True
8001.T,2023-03-31,Industrials,False,False,True,True,True,False,True,True,False,False,False,True,True,False,True
8002.T,2023-03-31,Industrials,False,True,True,True,True,False,True,True,False,True,True,True,False,False,True
8005.T,2023-03-31,Consumer Cyclical,False,False,True,True,True,False,True,True,True,False,True,True,True,False,True
8006.T,2023-03-31,Consumer Defensive,False,False,False,False,True,False,True,True,True,False,False,True,False,False,True
8007.T,2023-03-31,Basic Materials,False,False,False,False,True,False,True,True,True,True,True,True,True,False,True
8008.T,2023-02-28,Consumer Cyclical,False,False,False,False,True,False,False,True,False,False,False,True,True,False,True
8011.T,2023-02-28,Consumer Cyclical,True,False,False,False,True,False,True,True,True,True,True,True,False,False,True
8012.T,2023-03-31,Basic Materials,False,False,False,False,True,False,True,True,True,False,False,True,True,False,True
8013.T,2023-01-31,Consumer Cyclical,False,False,False,False,False,False,True,True,True,False,False,False,False,False,True
8014.T,2023-03-31,Industrials,False,False,True,True,True,False,True,True,True,True,True,True,True,False,True
8015.T,2023-03-31,Industrials,True,False,True,False,True,False,True,True,False,True,True,True,True,False,True
8016.T,2023-02-28,Consumer Cyclical,False,False,False,False,True,False,False,True,True,False,False,True,False,False,True
8018.T,2023-03-31,Consumer Cyclical,False,False,False,False,True,True,True,True,True,True,False,True,True,False,True
8020.T,2023-03-31,Industrials,False,False,True,False,False,False,True,False,False,True,False,True,True,False,True
8022.T,2023-03-31,Consumer Cyclical,True,False,False,True,False,False,True,True,True,True,False,False,True,False,True
8023.T,2023-03-31,Technology,False,False,True,False,True,False,True,True,True,False,False,True,False,False,True
8025.T,2023-03-31,Consumer Cyclical,False,False,False,False,True,False,False,True,True,True,True,False,False,False,False
8029.T,2022-12-31,Consumer Cyclical,True,False,False,False,True,False,True,True,True,True,False,True,True,False,False
8030.T,2023-03-31,Consumer Defensive,False,False,False,False,True,False,True,True,True,True,True,True,True,False,True
8031.T,2023-03-31,Industrials,True,False,True,True,True,False,True,True,True,True,True,True,True,True,True
8032.T,2023-03-31,Basic Materials,True,False,True,True,True,False,True,True,True,True,True,False,True,False,False
8035.T,2023-03-31,Technology,False,True,True,True,True,True,False,True,False,False,True,True,True,True,True
8037.T,2023-03-31,Energy,False,True,False,False,True,False,True,True,True,False,True,True,True,False,False
8038.T,2023-03-31,Consumer Defensive,True,True,True,True,True,False,True,True,False,True,False,True,True,False,False
8039.T,2023-03-31,Consumer Defensive,False,False,False,False,True,False,False,True,False,False,False,True,False,False,True
8040.T,2022-12-31,Consumer Cyclical,True,False,False,False,True,True,True,True,True,True,True,True,False,False,True
8041.T,2023-03-31,Consumer Defensive,True,False,True,False,True,False,True,True,True,True,True,True,True,False,False
8043.T,2023-03-31,Consumer Defensive,False,False,True,True,True,False,True,True,True,True,False,True,True,False,True
8045.T,2023-03-31,Consumer Defensive,True,False,False,False,True,False,True,True,True,True,False,True,True,False,True
8046.T,2023-03-31,Basic Materials,True,False,False,False,True,False,True,True,True,True,False,True,True,False,True
8050.T,2023-03-31,Consumer Cyclical,False,False,False,False,True,False,False,True,True,False,True,True,True,False,True
8051.T,2023-03-31,Industrials,False,False,True,False,True,False,True,True,True,False,False,True,True,False,True
8052.T,2023-03-31,Industrials,False,False,True,False,True,False,True,True,True,True,True,True,True,False,True
8053.T,2023-03-31,Industrials,True,False,True,True,True,False,True,True,True,True,False,True,False,False,True
8056.T,2023-03-31,Technology,False,False,True,True,True,False,False,True,False,False,False,True,True,False,True
8057.T,2023-07-31,Industrials,True,False,True,False,True,False,True,True,False,True,False,True,True,False,True
8058.T,2023-03-31,Industrials,True,False,True,True,True,False,True,True,True,True,True,True,True,False,True
8059.T,2023-03-31,Industrials,False,False,False,False,True,False,True,True,True,True,True,True,True,False,False
8060.T,2022-12-31,Industrials,False,False,False,True,True,False,True,True,False,True,True,True,True,False,True
8061.T,2023-03-31,Industrials,True,False,True,True,False,False,True,True,True,True,False,True,False,False,False
8065.T,2023-03-31,Basic Materials,True,False,True,False,True,False,True,True,True,True,True,True,True,False,True
8066.T,2023-03-31,Industrials,False,True,False,True,True,False,True,True,True,True,False,True,True,False,True
8068.T,2023-01-31,Technology,True,False,False,False,False,False,False,True,False,True,True,False,True,False,True
8070.T,2023-03-31,Industrials,False,False,False,False,False,False,False,True,True,False,False,False,True,False,False
8072.T,2023-03-31,Communication Services,True,False,True,False,False,False,True,False,True,True,True,True,True,True,True
8074.T,2023-03-31,Industrials,False,False,True,False,True,False,True,True,False,True,False,True,True,False,True
8075.T,2023-03-31,Basic Materials,True,True,True,False,True,False,True,False,True,True,False,True,True,False,True
8076.T,2023-03-31,Basic Materials,False,False,False,False,False,False,True,False,True,False,True,False,True,False,True
8078.T,2023-03-31,Industrials,True,True,True,False,True,True,True,False,True,False,False,True,False,False,True
8081.T,2023-03-31,Industrials,True,False,False,False,False,False,True,True,True,True,False,False,True,False,True
8084.T,2023-03-31,Technology,False,False,False,False,False,False,True,True,True,True,False,True,True,False,True
8085.T,2023-03-31,Industrials,True,False,True,False,True,False,True,True,True,True,True,True,True,False,True
8086.T,2023-03-31,Healthcare,False,False,False,False,True,False,False,False,True,False,False,True,False,True,True
8088.T,2023-03-31,Industrials,False,True,True,False,True,False,True,True,False,False,True,True,True,False,True
8089.T,2023-03-31,Industrials,False,False,False,False,True,False,True,True,True,False,True,True,False,False,True
8091.T,2023-03-31,Consumer Defensive,False,False,True,False,True,False,True,True,True,False,True,True,True,False,True
8093.T,2023-03-31,Technology,False,True,False,False,True,False,False,True,True,True,True,True,True,False,True
8097.T,2023-03-31,Energy,False,False,False,True,True,False,True,True,True,True,True,True,True,False,True
8098.T,2023-03-31,Basic Materials,False,False,True,True,True,False,True,True,True,False,True,True,True,False,True
8101.T,2023-03-31,Consumer Cyclical,False,False,False,False,False,False,True,True,True,True,True,False,True,False,True
8103.T,2023-03-31,Industrials,False,False,False,False,True,False,False,True,True,False,True,True,True,False,False
8104.T,2023-03-31,Basic Materials,False,False,False,False,True,False,True,True,True,True,True,True,True,False,True
8105.T,2023-03-31,Consumer Cyclical,False,False,False,False,False,False,True,True,False,True,False,False,False,False,False
8107.T,2023-03-31,Consumer Cyclical,False,False,False,False,False,False,True,False,False,True,False,True,False,False,False
8111.T,2023-03-31,Consumer Cyclical,True,False,True,True,True,True,False,True,False,True,True,True,True,False,False
8113.T,2022-12-31,Consumer Defensive,False,False,False,True,True,False,False,True,False,False,True,True,True,True,True
8114.T,2023-03-31,Consumer Cyclical,True,True,True,True,True,False,False,True,False,True,True,True,False,False,False
8115.T,2023-03-31,Consumer Cyclical,False,False,False,False,True,True,False,True,True,True,True,True,False,False,True
8117.T,2023-03-31,Consumer Cyclical,True,False,True,True,True,False,True,True,False,True,True,True,True,True,True
8118.T,2023-03-31,Consumer Cyclical,True,False,False,False,True,True,True,True,True,True,True,True,False,False,True
8119.T,2023-03-31,Consumer Cyclical,False,False,False,False,True,False,True,True,True,True,False,True,False,False,True
8123.T,2023-03-31,Consumer Cyclical,False,False,False,False,True,False,False,True,True,True,True,True,False,False,True
8125.T,2023-02-28,Industrials,False,False,False,False,True,False,False,True,True,True,False,True,True,False,False
8127.T,2023-08-31,Consumer Cyclical,False,True,False,False,True,False,False,True,True,True,True,True,False,False,True
8129.T,2023-03-31,Healthcare,False,False,False,False,False,False,True,True,True,True,False,False,True,False,True
8130.T,2023-03-31,Consumer Cyclical,True,False,True,True,True,False,True,True,False,True,True,True,True,False,True
8131.T,2023-03-31,Energy,True,False,False,False,True,False,True,True,True,True,True,True,True,False,False
8132.T,2023-03-31,Energy,False,False,False,False,True,False,False,True,True,False,False,True,True,False,True
8133.T,2023-03-31,Energy,False,True,False,False,True,False,True,True,True,False,False,True,True,False,True
8135.T,2023-03-31,Consumer Cyclical,False,False,False,False,True,False,True,True,True,True,True,True,True,False,True
8136.T,2023-03-31,Consumer Cyclical,True,False,True,True,True,True,False,True,False,True,True,True,False,False,True
8137.T,2023-03-31,Technology,True,True,True,True,False,False,True,True,True,True,True,True,True,False,True
8138.T,2023-03-31,Basic Materials,True,False,False,False,True,False,True,True,True,True,True,True,True,False,False
8139.T,2023-03-31,Consumer Cyclical,False,False,False,False,False,False,False,True,False,False,False,False,False,False,True
8140.T,2023-03-31,Technology,True,True,False,False,True,False,True,True,True,True,True,True,True,False,True
8141.T,2023-03-31,Technology,True,True,False,False,False,False,True,True,True,True,True,False,True,True,False
8142.T,2023-01-31,Consumer Defensive,True,False,False,False,True,False,False,False,True,True,False,True,False,False,True
8143.T,2023-02-28,Consumer Cyclical,False,False,True,False,True,True,True,False,True,False,True,True,False,False,True
8144.T,2023-03-31,Technology,False,False,False,False,True,False,False,True,True,False,True,True,True,False,True
8147.T,2023-03-31,Industrials,False,False,False,False,True,False,True,True,True,False,True,True,True,False,True
8150.T,2023-03-31,Technology,True,True,True,False,False,False,True,True,False,True,False,False,True,False,True
8152.T,2023-03-31,Basic Materials,False,False,False,False,False,False,True,True,True,False,True,False,True,False,True
8153.T,2023-03-31,Consumer Cyclical,False,False,False,False,True,False,True,True,False,False,False,True,False,True,True
8154.T,2023-03-31,Technology,True,True,True,True,True,False,True,True,False,True,True,True,True,False,True
8155.T,2023-05-31,Technology,True,True,False,True,True,False,True,True,False,True,True,True,True,False,False
8157.T,2023-03-31,Industrials,False,False,False,False,True,False,True,True,True,True,True,True,True,False,True
8158.T,2023-03-31,Basic Materials,False,False,False,False,True,False,True,True,True,True,True,True,True,False,True
8159.T,2023-03-31,Technology,True,False,False,True,False,False,True,True,True,True,True,False,True,False,True
8160.T,2023-03-31,Consumer Cyclical,False,False,False,False,True,False,True,True,False,False,False,True,False,False,True
8163.T,2023-03-31,Consumer Cyclical,False,False,False,False,True,False,True,True,False,False,False,True,False,False,True
8165.T,2022-12-31,Consumer Cyclical,False,False,False,False,False,False,True,True,True,False,False,False,False,False,True
8166.T,2023-02-28,Consumer Cyclical,False,False,True,False,True,False,True,False,True,False,False,True,False,False,True
8167.T,2023-02-28,Consumer Defensive,False,False,False,False,True,False,False,True,True,False,False,True,True,False,True
8168.T,2023-02-28,Consumer Cyclical,False,False,False,False,True,False,True,True,False,False,True,True,True,False,True
8173.T,2023-03-31,Consumer Cyclical,False,False,False,False,True,False,True,True,True,False,True,True,True,False,True
8174.T,2023-03-31,Utilities,False,True,True,True,True,False,False,True,False,True,False,True,True,True,True
8179.T,2022-12-31,Consumer Cyclical,False,False,False,False,True,False,False,True,False,True,True,True,False,False,True
8181.T,2023-02-28,Consumer Cyclical,True,False,False,False,False,False,True,True,True,True,True,False,False,False,True
8182.T,2023-03-31,Consumer Defensive,False,False,False,False,True,False,True,True,False,False,False,True,False,False,False
8185.T,2023-02-28,Consumer Cyclical,False,False,False,False,False,False,True,True,True,True,False,False,False,False,True
8194.T,2023-02-28,Consumer Defensive,False,False,True,False,True,False,True,True,False,False,False,True,True,False,True
8198.T,2023-02-28,Consumer Defensive,False,False,False,True,True,False,True,True,False,False,True,True,True,False,True
8200.T,2023-02-28,Consumer Cyclical,False,False,False,False,True,False,True,True,False,False,False,True,False,False,True
8202.T,2022-12-31,Consumer Cyclical,False,False,False,False,False,False,False,True,False,True,False,False,False,False,True
8203.T,2023-02-28,Consumer Defensive,False,False,True,False,True,False,True,True,True,True,True,True,True,False,False
8207.T,2023-03-31,Consumer Cyclical,True,False,False,False,False,False,True,False,False,False,True,False,False,False,True
8208.T,2023-03-31,Consumer Cyclical,False,False,False,False,False,False,True,False,True,False,True,False,False,False,True
8209.T,2023-03-31,Consumer Cyclical,False,True,False,False,False,False,True,False,False,False,False,False,False,False,True
8214.T,2023-03-31,Consumer Cyclical,True,False,False,False,True,False,True,True,True,True,True,True,False,False,True
8215.T,2023-03-31,Consumer Cyclical,True,False,False,False,True,False,True,True,True,True,False,True,False,False,True
8217.T,2023-02-28,Consumer Cyclical,False,False,False,False,True,False,False,True,True,False,False,True,True,False,False
8218.T,2023-03-31,Consumer Cyclical,False,False,False,False,True,False,True,True,True,False,False,True,True,False,False
8219.T,2023-03-31,Consumer Cyclical,True,False,False,False,True,True,True,True,True,True,True,True,False,False,True
8225.T,2023-03-31,Consumer Cyclical,False,False,True,True,True,False,True,True,False,True,True,True,False,False,True
8226.T,2023-03-31,Technology,False,False,False,False,False,False,False,True,True,False,False,False,True,False,False
8227.T,2023-02-28,Consumer Cyclical,False,True,False,True,True,False,True,True,False,True,True,True,True,True,True
8230.T,2023-03-31,Consumer Cyclical,True,True,True,True,True,False,True,True,True,True,False,True,False,False,True
8233.T,2023-02-28,Consumer Cyclical,True,False,False,False,True,False,True,True,True,True,False,True,False,False,True
8237.T,2023-02-28,Consumer Cyclical,True,False,True,True,True,False,True,True,False,True,True,False,False,False,True
8242.T,2023-03-31,Consumer Defensive,True,False,False,False,True,False,True,True,True,True,True,True,False,False,True
8244.T,2023-02-28,Consumer Cyclical,False,False,False,False,True,False,False,False,False,True,False,True,False,False,True
8247.T,2023-02-28,Consumer Cyclical,False,False,False,False,True,False,False,False,True,True,True,True,False,False,True
8252.T,2023-03-31,Financial Services,False,False,False,False,True,False,False,False,False,True,True,True,True,False,True
8253.T,2023-03-31,Financial Services,False,False,False,False,False,False,True,False,True,True,True,False,True,False,True
8254.T,2023-08-31,Consumer Cyclical,False,False,False,False,True,False,False,False,False,True,True,True,False,False,False
8255.T,2023-03-31,Consumer Cyclical,False,False,False,True,True,False,True,True,False,False,True,True,True,False,True
8256.T,2023-03-31,Consumer Cyclical,True,False,False,False,False,False,True,False,False,False,False,False,False,False,False
8260.T,2023-02-28,Consumer Cyclical,False,False,True,False,True,False,True,False,True,False,True,True,True,False,True
8267.T,2023-02-28,Consumer Cyclical,True,False,False,False,True,False,False,False,False,True,True,True,False,False,True
8273.T,2023-02-28,Consumer Cyclical,False,False,False,False,True,False,True,True,True,False,False,True,True,False,True
8275.T,2023-03-31,Technology,False,False,True,False,True,False,False,True,False,False,True,True,True,True,True
8276.T,2023-02-28,Consumer Cyclical,False,False,False,False,True,False,True,True,True,False,False,True,True,False,True
8278.T,2023-02-28,Consumer Cyclical,True,False,False,False,True,False,False,True,True,True,True,True,True,True,False
8279.T,2023-03-31,Consumer Defensive,False,True,True,False,True,False,False,True,False,False,True,True,True,True,True
8281.T,2023-03-31,Consumer Cyclical,True,True,False,False,True,False,True,True,True,True,False,True,True,False,False
8282.T,2023-03-31,Consumer Cyclical,False,False,False,False,False,False,True,True,True,False,False,True,True,False,True
8283.T,2023-03-31,Consumer Defensive,False,False,False,False,True,False,False,True,False,False,True,True,True,False,False
8285.T,2023-03-31,Industrials,False,False,False,False,True,False,False,True,True,False,True,True,True,True,True
8289.T,2023-02-28,Consumer Cyclical,False,False,False,False,True,False,False,True,True,False,False,True,True,False,True
8291.T,2023-03-31,Consumer Cyclical,True,False,False,False,True,False,True,True,True,True,False,True,True,False,True
8304.T,2023-03-31,Financial Services,False,False,False,False,False,False,False,False,True,False,True,False,True,False,True
8306.T,2023-03-31,Financial Services,False,False,False,False,True,True,True,False,True,False,True,True,True,False,True
8308.T,2023-03-31,Financial Services,True,False,False,False,False,False,True,False,True,True,False,False,True,False,True
8309.T,2023-03-31,Financial Services,False,False,False,False,True,True,True,False,True,True,True,True,True,False,True
8316.T,2023-03-31,Financial Services,False,False,False,False,False,False,True,False,True,True,True,False,True,False,True
8331.T,2023-03-31,Financial Services,False,True,False,False,False,False,True,False,True,True,False,True,True,True,True
8334.T,2023-03-31,Financial Services,False,False,False,False,False,False,True,False,True,True,False,False,True,True,True
8336.T,2023-03-31,Financial Services,False,False,False,False,False,False,True,False,True,True,False,False,True,False,True
8337.T,2023-03-31,Financial Services,False,True,False,False,False,False,True,False,True,True,False,False,True,False,True
8338.T,2023-03-31,Financial Services,False,False,False,False,False,False,True,False,True,False,False,False,True,False,True
8341.T,2023-03-31,Financial Services,False,False,False,False,False,False,True,False,True,True,False,False,True,False,True
8343.T,2023-03-31,Financial Services,False,False,False,False,False,False,True,False,True,True,False,False,True,False,True
8344.T,2023-03-31,Financial Services,False,True,False,False,False,False,True,False,True,True,False,False,True,False,True
8345.T,2023-03-31,Financial Services,False,False,False,False,False,False,True,False,True,True,False,False,True,False,True
8346.T,2023-03-31,Financial Services,False,False,False,False,False,False,True,False,True,False,False,False,False,False,True
8349.T,2023-03-31,Financial Services,False,True,False,False,False,False,True,False,True,True,False,False,True,False,True
8354.T,2023-03-31,Financial Services,False,False,False,False,False,False,False,False,True,False,False,False,True,True,True
8358.T,2023-03-31,Financial Services,False,False,False,False,True,True,True,False,True,True,True,False,True,False,True
8359.T,2023-03-31,Financial Services,False,False,False,False,False,False,True,False,True,False,False,False,True,False,True
8360.T,2023-03-31,Financial Services,True,False,False,False,False,False,True,False,True,True,True,False,True,False,True
8361.T,2023-03-31,Financial Services,False,False,False,False,False,False,False,False,True,False,False,False,True,False,True
8362.T,2023-03-31,Financial Services,False,False,False,False,False,False,False,False,True,False,False,False,True,True,True
8364.T,2023-03-31,Financial Services,False,False,False,False,True,True,True,False,True,False,True,True,False,False,True
8365.T,2023-03-31,Financial Services,True,False,False,False,False,False,True,False,True,True,False,False,True,False,True
8366.T,2023-03-31,Financial Services,False,False,False,False,False,False,True,False,True,False,False,False,True,True,True
8367.T,2023-03-31,Financial Services,False,False,False,False,False,False,False,False,True,False,False,False,True,False,True
8368.T,2023-03-31,Financial Services,False,True,False,False,False,False,True,False,True,True,False,False,True,False,True
8370.T,2023-03-31,Financial Services,False,False,False,False,False,False,False,False,True,False,False,False,True,False,False
8377.T,2023-03-31,Financial Services,False,False,False,False,False,False,True,False,True,True,False,False,True,False,True
8381.T,2023-03-31,Financial Services,False,False,False,False,False,False,True,False,True,True,True,False,True,True,True
8383.T,2023-03-31,Financial Services,False,False,False,False,False,False,True,False,True,True,False,False,True,False,True
8386.T,2023-03-31,Financial Services,False,False,False,False,False,False,True,False,True,False,True,False,True,False,True
8387.T,2023-03-31,Financial Services,False,False,False,False,False,False,True,False,True,False,False,False,True,True,True
8388.T,2023-03-31,Financial Services,False,False,False,False,False,False,True,False,True,False,False,False,True,True,True
8392.T,2023-03-31,Financial Services,False,False,False,False,False,False,True,False,True,True,False,True,True,False,True
8393.T,2023-03-31,Financial Services,False,False,False,False,False,False,True,False,True,True,False,False,True,False,True
8395.T,2023-03-31,Financial Services,False,True,False,False,False,False,True,False,True,True,False,False,True,False,True
8399.T,2023-03-31,Financial Services,False,False,False,False,False,False,True,False,True,True,False,True,True,False,True
8410.T,2023-03-31,Financial Services,False,False,False,False,True,True,False,False,False,False,True,True,True,False,True
8411.T,2023-03-31,Financial Services,False,True,False,False,True,True,True,False,True,True,True,True,True,True,True
8416.T,2023-03-31,Financial Services,False,False,False,False,False,False,True,False,True,False,False,False,True,False,True
8418.T,2023-03-31,Financial Services,False,False,False,False,False,False,True,False,True,True,False,True,False,False,True
8424.T,2023-03-31,Industrials,False,True,False,False,False,False,True,False,True,True,True,False,True,False,True
8425.T,2023-03-31,Financial Services,True,False,True,False,False,False,True,False,True,True,True,False,True,False,True
8439.T,2023-03-31,Industrials,False,False,False,False,False,False,False,False,True,False,False,False,True,True,True
8462.T,2023-03-31,Financial Services,True,True,True,True,True,True,True,True,False,True,True,False,False,False,False
8473.T,2023-03-31,Financial Services,False,False,False,False,True,True,False,False,True,False,True,True,True,True,True
8511.T,2023-03-31,Financial Services,True,True,False,False,True,True,False,False,True,True,True,True,True,True,True
8515.T,2023-03-31,Financial Services,True,False,True,False,False,False,True,False,True,True,False,False,True,True,False
8518.T,2023-03-31,Financial Services,False,False,False,False,True,False,True,True,True,False,False,True,False,False,False
8522.T,2023-03-31,Financial Services,False,False,False,False,False,False,True,False,True,False,False,False,True,False,True
8524.T,2023-03-31,Financial Services,False,False,False,False,False,False,True,False,True,False,False,False,True,False,True
8537.T,2023-03-31,Financial Services,False,False,False,False,False,False,True,False,True,False,False,False,True,False,True
8541.T,2023-03-31,Financial Services,False,False,False,False,False,False,True,False,True,False,False,False,True,False,True
8542.T,2023-03-31,Financial Services,False,True,False,False,False,False,True,False,True,True,False,False,True,True,True
8544.T,2023-03-31,Financial Services,False,False,False,False,False,False,True,False,True,False,False,False,True,False,True
8550.T,2023-03-31,Financial Services,False,False,False,False,False,False,True,False,True,False,False,False,True,False,True
8551.T,2023-03-31,Financial Services,False,True,False,False,False,False,True,False,True,True,False,False,True,True,True
8558.T,2023-03-31,Financial Services,True,False,False,False,False,False,True,False,True,True,False,False,True,False,True
8562.T,2023-03-31,Financial Services,False,False,False,False,False,False,True,False,True,True,False,False,False,False,False
8563.T,2023-03-31,Financial Services,False,False,False,False,False,False,True,False,True,True,False,False,True,False,True
8566.T,2023-03-31,Financial Services,False,True,False,False,False,False,True,False,True,True,True,True,True,False,True
8572.T,2023-03-31,Financial Services,False,False,False,False,False,False,True,True,True,False,False,True,True,False,True
8584.T,2023-03-31,Financial Services,False,True,True,False,False,False,True,False,True,True,True,False,True,True,True
8585.T,2023-03-31,Financial Services,False,False,False,False,True,False,True,False,True,False,False,True,True,False,False
8591.T,2023-03-31,Financial Services,False,False,False,False,True,False,True,False,True,False,True,True,True,True,True
8593.T,2023-03-31,Financial Services,False,False,False,False,True,False,True,False,True,True,False,True,True,False,True
8595.T,2023-03-31,Financial Services,True,False,True,True,False,False,True,True,True,True,True,False,True,False,True
8596.T,2023-03-31,Industrials,True,False,True,False,False,False,True,False,True,True,True,False,True,True,True
8600.T,2023-03-31,Financial Services,False,True,False,False,False,False,True,False,True,True,False,False,True,False,True
8601.T,2023-03-31,Financial Services,False,False,False,False,False,False,True,False,True,False,False,False,True,True,True
8604.T,2023-03-31,Financial Services,False,False,False,False,False,False,False,False,True,False,True,False,True,False,True
8609.T,2023-03-31,Financial Services,False,False,False,False,False,False,False,False,True,False,True,False,True,False,True
8613.T,2023-03-31,Financial Services,False,False,False,False,True,True,False,True,True,False,True,True,True,False,True
8614.T,2023-03-31,Financial Services,False,False,False,False,False,False,True,True,True,False,False,False,False,False,True
8616.T,2023-03-31,Financial Services,False,False,False,False,True,True,False,False,True,False,True,True,True,False,True
8617.T,2023-03-31,Financial Services,True,False,False,False,True,True,True,True,True,False,True,True,False,False,True
8622.T,2023-03-31,Financial Services,False,False,False,False,False,False,False,True,True,False,False,True,True,False,True
8624.T,2023-03-31,Financial Services,False,False,False,False,True,False,False,True,True,False,False,True,False,False,True
8628.T,2023-03-31,Financial Services,False,False,True,False,False,False,False,False,False,False,True,False,True,False,True
8630.T,2023-03-31,Financial Services,False,False,False,False,True,False,False,False,False,False,True,True,True,True,True
8697.T,2023-03-31,Financial Services,False,False,True,False,True,True,False,False,False,False,True,True,True,False,True
8698.T,2023-03-31,Financial Services,False,False,False,False,False,False,False,False,False,False,False,False,True,False,True
8699.T,2023-03-31,Financial Services,True,False,True,False,True,True,True,False,True,True,False,True,False,False,True
8700.T,2023-03-31,Financial Services,False,False,False,False,True,False,False,True,True,False,False,True,True,False,False
8704.T,2023-03-31,Financial Services,True,False,True,False,True,False,True,False,False,True,True,True,True,True,True
8705.T,2023-03-31,Financial Services,False,False,False,False,False,False,False,False,True,False,False,False,True,False,False
8706.T,2023-03-31,Financial Services,False,False,False,False,True,False,False,True,True,False,False,True,False,False,True
8707.T,2023-03-31,Financial Services,False,False,False,False,False,False,True,True,True,False,False,False,True,False,True
8708.T,2023-03-31,Financial Services,False,False,False,False,False,False,True,True,True,False,False,False,False,False,True
8713.T,2023-03-31,Financial Services,False,False,False,False,False,False,True,False,True,True,False,False,True,False,True
8714.T,2023-03-31,Financial Services,False,False,False,False,False,False,True,False,True,False,False,False,True,False,True
8715.T,2023-03-31,Financial Services,False,True,False,False,True,False,False,True,False,True,True,True,True,True,True
8725.T,2023-03-31,Financial Services,False,False,False,False,True,False,False,False,True,False,True,False,True,True,True
8732.T,2023-03-31,Financial Services,False,False,False,False,True,True,True,False,True,True,True,True,False,False,True
8737.T,2023-03-31,Financial Services,False,False,False,False,False,False,True,False,True,False,False,False,True,False,True
8739.T,2023-03-31,Financial Services,False,True,True,True,True,True,True,True,False,True,True,True,True,False,True
8742.T,2023-03-31,Financial Services,False,True,False,False,True,False,True,True,True,True,False,True,False,False,False
8746.T,2023-03-31,Financial Services,False,False,False,False,True,False,True,True,True,True,True,False,False,False,False
8747.T,2023-03-31,Financial Services,False,False,False,False,True,True,True,False,True,False,True,True,True,False,True
8750.T,2023-03-31,Financial Services,False,False,False,False,False,False,True,False,True,False,False,False,True,True,True
8766.T,2023-03-31,Financial Services,False,False,True,False,True,True,True,False,False,False,True,True,True,False,True
8769.T,2023-03-31,Healthcare,True,False,True,True,True,False,False,True,False,True,True,True,True,True,True
8771.T,2023-03-31,Financial Services,False,False,True,True,True,True,False,True,False,True,False,True,True,True,False
8772.T,2023-03-31,Financial Services,False,False,False,False,False,False,True,True,True,True,True,False,True,False,True
8783.T,2023-03-31,Financial Services,True,False,False,False,False,False,True,False,False,True,True,False,False,False,True
8793.T,2023-03-31,Industrials,False,False,False,False,True,False,True,False,True,False,False,True,True,True,True
8795.T,2023-03-31,Financial Services,False,False,False,False,False,False,True,False,False,False,True,False,False,False,True
8801.T,2023-03-31,Real Estate,False,False,False,False,True,False,True,True,True,True,False,True,True,True,True
8802.T,2023-03-31,Real Estate,False,False,False,False,True,False,True,True,True,True,False,True,True,False,True
8803.T,2023-03-31,Real Estate,False,True,False,False,True,False,False,False,False,True,False,True,True,False,False
8804.T,2022-12-31,Real Estate,False,True,False,False,False,False,True,False,True,True,False,True,True,True,True
8818.T,2023-03-31,Real Estate,False,False,False,False,True,False,True,True,True,False,False,True,True,True,True
8830.T,2023-03-31,Real Estate,False,True,False,False,True,False,True,False,True,False,True,True,True,False,True
8835.T,2023-03-31,Industrials,True,False,False,False,True,False,True,True,True,True,True,True,True,False,True
8836.T,2023-03-31,Real Estate,False,False,False,False,True,False,True,True,True,True,True,False,False,False,True
8841.T,2023-03-31,Real Estate,False,False,False,False,True,False,False,True,True,False,False,True,True,False,False
8842.T,2023-01-31,Real Estate,True,False,False,False,True,True,False,True,True,True,True,True,False,False,False
8844.T,2023-03-31,Real Estate,True,False,False,False,False,False,True,False,True,True,True,False,True,False,True
8848.T,2023-03-31,Real Estate,True,True,True,True,True,False,True,False,False,False,True,True,False,False,False
8850.T,2023-03-31,Real Estate,False,True,True,True,True,True,True,True,True,True,True,True,True,False,True
8854.T,2022-12-31,Real Estate,False,False,False,False,False,False,False,True,True,True,False,True,False,False,False
8860.T,2023-03-31,Real Estate,False,False,False,False,True,False,True,True,True,False,True,True,True,False,False
8864.T,2023-03-31,Real Estate,True,False,False,False,True,False,False,True,True,True,False,True,False,False,True
8869.T,2023-03-31,Real Estate,True,False,True,False,True,False,True,False,True,True,True,True,True,True,True
8871.T,2023-03-31,Real Estate,False,False,False,False,False,False,True,True,True,False,False,False,True,False,True
8876.T,2023-03-31,Industrials,False,True,True,True,True,False,True,False,False,True,False,False,True,False,False
8877.T,2023-03-31,Real Estate,False,False,True,False,False,False,True,True,True,True,False,False,True,True,True
8881.T,2023-03-31,Real Estate,False,False,False,False,True,False,True,True,True,False,False,True,True,False,True
8886.T,2023-05-31,Real Estate,False,False,False,False,False,False,True,False,True,False,False,False,False,False,False
8887.T,2023-05-31,Real Estate,False,False,False,False,True,True,True,True,True,False,False,True,True,True,True
8890.T,2023-03-31,Real Estate,False,False,True,True,True,True,True,True,True,True,False,True,True,False,True
8891.T,2023-03-31,Real Estate,True,False,True,True,False,False,True,True,True,True,True,False,True,True,True
8892.T,2022-12-31,Consumer Cyclical,True,False,True,False,True,False,True,False,False,True,True,True,True,True,True
8893.T,2023-03-31,Real Estate,True,False,True,True,False,False,True,True,False,True,False,False,True,False,True
8897.T,2023-03-31,Real Estate,False,False,False,False,False,False,True,False,True,False,True,True,True,False,True
8898.T,2023-03-31,Real Estate,False,False,True,True,True,True,False,True,False,False,True,True,True,False,True
8903.T,2023-03-31,Real Estate,True,False,True,False,False,False,True,False,True,True,True,False,True,False,True
8904.T,2023-08-31,Consumer Cyclical,False,False,False,False,False,False,False,True,True,False,False,False,True,False,True
8905.T,2023-02-28,Real Estate,False,False,False,False,True,False,False,False,True,False,True,True,False,False,False
8908.T,2023-05-31,Real Estate,False,False,True,True,True,False,True,True,False,True,False,True,True,False,True
8912.T,2023-06-30,Real Estate,False,False,False,False,True,False,False,True,False,True,True,True,True,False,True
8914.T,2022-12-31,Real Estate,False,False,True,True,True,False,True,True,False,False,True,True,False,False,True
8918.T,2023-02-28,Real Estate,False,False,True,True,True,True,True,True,False,False,False,True,False,False,False
8919.T,2023-03-31,Consumer Cyclical,False,False,True,True,False,False,False,True,False,False,False,False,True,True,False
8920.T,2023-03-31,Consumer Cyclical,False,False,False,False,False,False,False,True,False,False,False,False,True,False,True
8925.T,2023-07-31,Real Estate,False,False,True,True,False,False,True,True,False,False,True,False,True,False,False
8927.T,2023-07-31,Real Estate,False,False,False,False,False,False,True,True,True,False,False,False,True,True,False
8928.T,2023-06-30,Real Estate,False,False,True,False,False,False,True,False,True,False,True,False,True,True,False
8929.T,2022-12-31,Real Estate,True,False,True,True,True,False,False,True,False,False,True,True,True,True,False
8931.T,2023-02-28,Real Estate,False,False,False,False,True,False,True,True,True,False,False,True,True,False,True
8934.T,2023-03-31,Real Estate,True,False,True,True,True,True,True,True,True,True,True,True,True,False,True
8935.T,2023-03-31,Real Estate,False,False,False,True,False,False,True,True,True,False,False,False,True,False,True
8938.T,2023-03-31,Real Estate,True,True,False,False,True,True,False,True,False,True,True,False,False,False,True
8940.T,2023-05-31,Real Estate,False,False,False,False,False,False,False,False,True,False,True,True,True,False,False
8945.T,2023-06-30,Real Estate,False,False,False,False,False,False,False,True,False,False,False,False,True,False,True
8946.T,2022-12-31,Real Estate,False,False,False,False,True,True,False,True,True,True,True,True,False,False,True
8951.T,2022-12-31,Real Estate,False,True,False,False,True,False,False,True,False,True,False,True,True,True,False
8955.T,2022-12-31,Real Estate,False,True,False,False,True,True,False,True,False,True,True,True,True,True,False
8963.T,2022-12-31,Real Estate,False,False,False,False,True,True,False,True,False,True,True,True,False,False,True
8967.T,2023-07-31,Real Estate,False,False,False,False,True,True,False,True,False,True,True,True,True,False,False
8985.T,2022-12-31,Real Estate,True,False,False,False,True,False,False,True,False,True,False,True,True,False,False
8987.T,2022-12-31,Real Estate,False,False,False,False,True,True,False,True,False,False,False,True,True,False,False
8995.T,2023-03-31,Real Estate,True,True,False,False,False,False,True,True,True,True,False,False,True,True,False
8996.T,2022-12-31,Real Estate,True,False,True,False,False,False,True,False,True,True,False,True,True,False,True
8999.T,2023-03-31,Real Estate,False,False,False,False,False,False,True,True,True,False,False,False,True,True,True
9001.T,2023-03-31,Industrials,True,False,False,False,True,False,False,False,False,True,True,True,False,False,True
9003.T,2023-03-31,Industrials,True,False,False,False,True,False,False,False,False,True,False,True,False,False,True
9005.T,2023-03-31,Consumer Cyclical,True,False,False,False,True,True,False,False,False,True,True,True,False,False,False
9006.T,2023-03-31,Industrials,False,False,False,False,True,False,False,False,False,True,False,True,False,False,False
9007.T,2023-03-31,Industrials,True,False,True,False,True,False,False,True,False,True,True,True,False,False,True
9008.T,2023-03-31,Industrials,True,False,False,False,True,False,False,True,False,True,True,True,False,False,False
9009.T,2023-03-31,Industrials,False,False,False,False,True,True,False,True,False,True,True,True,False,False,True
9010.T,2023-03-31,Industrials,True,False,False,False,True,False,False,False,False,True,True,True,False,False,False
9012.T,2023-03-31,Industrials,True,False,False,False,True,False,True,False,True,False,True,True,False,False,False
9017.T,2023-03-31,Industrials,False,False,False,False,True,False,True,False,True,True,False,True,False,False,False
9020.T,2023-03-31,Industrials,False,False,False,False,True,False,False,False,False,True,True,True,False,False,True
9021.T,2023-03-31,Industrials,False,False,False,False,True,True,False,True,False,True,False,True,False,False,True
9022.T,2023-03-31,Industrials,False,False,False,False,True,False,False,True,True,True,True,True,False,False,True
9024.T,2023-03-31,Industrials,True,False,True,False,True,False,True,False,False,True,False,False,False,False,True
9025.T,2023-03-31,Industrials,False,True,False,False,True,False,True,True,True,False,True,True,True,False,True
9028.T,2023-06-30,Consumer Cyclical,True,False,True,True,True,False,True,True,True,True,True,True,True,True,True
9029.T,2023-03-31,Industrials,False,False,True,True,True,False,True,True,False,True,True,True,True,False,False
9031.T,2023-03-31,Industrials,True,False,False,False,True,False,True,False,True,True,True,True,False,False,True
9033.T,2023-03-31,Industrials,False,False,False,False,True,False,False,True,True,True,False,True,False,False,True
9034.T,2023-03-31,Industrials,False,False,False,False,True,False,True,True,True,True,True,True,True,False,True
9036.T,2023-03-31,Industrials,True,False,False,False,True,False,True,True,True,True,False,True,True,False,True
9037.T,2023-03-31,Industrials,False,True,False,True,True,False,True,True,True,False,True,True,True,False,True
9039.T,2023-03-31,Industrials,False,False,False,True,True,False,True,True,True,True,True,True,True,False,True
9041.T,2023-03-31,Industrials,True,False,True,False,True,False,True,False,False,True,True,True,False,False,True
9042.T,2023-03-31,Industrials,True,False,False,False,True,True,False,True,False,True,True,True,False,False,True
9044.T,2023-03-31,Industrials,True,False,False,False,True,True,False,False,False,True,True,True,False,False,False
9045.T,2023-03-31,Industrials,True,False,False,False,True,False,False,True,False,True,False,True,False,False,True
9046.T,2023-03-31,Industrials,False,False,False,False,True,False,False,False,False,True,True,True,True,False,False
9048.T,2023-03-31,Industrials,True,False,False,False,True,True,False,True,False,True,True,True,False,False,False
9049.T,2023-03-31,Industrials,True,False,True,True,True,False,True,True,True,True,True,True,False,False,True
9051.T,2023-03-31,Industrials,False,True,False,False,True,False,True,True,True,False,False,True,True,False,True
9052.T,2023-03-31,Industrials,False,False,False,False,True,False,False,True,False,False,False,True,True,False,False
9055.T,2023-03-31,Industrials,True,True,False,True,True,False,True,True,True,True,True,True,True,False,True
9057.T,2023-03-31,Industrials,False,False,True,True,True,False,True,True,True,False,True,True,True,True,True
9058.T,2023-03-31,Industrials,False,False,False,True,True,False,False,True,False,False,True,True,True,False,True
9059.T,2023-03-31,Industrials,False,False,False,False,True,False,True,True,True,False,True,True,True,True,True
9060.T,2023-03-31,Industrials,False,False,False,False,True,False,True,False,True,False,False,True,True,True,True
9063.T,2023-03-31,Industrials,False,False,False,False,True,False,True,True,True,False,True,True,True,False,True
9064.T,2023-03-31,Industrials,False,False,False,False,True,False,False,True,False,False,True,True,True,True,True
9065.T,2023-03-31,Industrials,False,False,False,True,True,False,True,True,False,True,True,True,True,False,True
9066.T,2023-03-31,Industrials,True,False,True,True,True,False,True,True,True,True,True,True,True,False,True
9067.T,2023-03-31,Industrials,False,False,False,False,True,False,False,True,True,False,True,True,True,False,True
9068.T,2023-03-31,Industrials,False,False,False,True,True,False,True,True,True,False,True,True,True,False,True
9069.T,2023-03-31,Industrials,False,True,False,False,True,False,True,True,True,False,True,True,True,True,True
9070.T,2023-03-31,Industrials,False,True,False,False,True,False,True,True,True,False,True,True,True,False,True
9072.T,2023-03-31,Industrials,False,False,False,False,True,False,True,True,True,True,True,True,True,False,True
9073.T,2023-03-31,Industrials,False,False,False,False,True,False,False,True,True,False,False,True,True,False,True
9074.T,2023-03-31,Industrials,False,False,False,False,True,True,True,True,True,True,True,True,True,False,False
9075.T,2023-03-31,Industrials,False,True,False,False,True,False,True,True,True,True,True,True,True,False,True
9076.T,2023-03-31,Industrials,False,False,False,False,True,False,True,True,True,True,True,True,True,False,True
9078.T,2023-03-31,Industrials,True,False,False,False,True,False,True,True,True,True,True,True,True,False,True
9081.T,2023-03-31,Industrials,False,False,False,False,True,False,False,True,True,False,False,True,False,False,True
9082.T,2023-03-31,Consumer Cyclical,False,False,False,False,True,False,False,True,True,False,False,True,False,False,False
9083.T,2023-03-31,Industrials,False,False,False,False,True,False,True,True,True,False,False,True,False,False,True
9087.T,2023-03-31,Industrials,False,False,False,False,True,False,True,True,True,True,True,True,True,False,True
9090.T,2023-03-31,Industrials,True,True,True,True,True,False,False,True,False,False,True,True,True,True,True
9099.T,2023-03-31,Industrials,False,False,False,False,True,False,True,True,True,False,True,True,True,False,False
9101.T,2023-03-31,Industrials,False,True,True,True,True,True,True,True,True,False,False,True,True,False,True
9104.T,2023-03-31,Industrials,False,True,True,True,True,True,True,True,True,False,False,True,True,False,True
9107.T,2023-03-31,Industrials,False,True,True,True,True,True,True,True,True,False,True,True,True,False,True
9110.T,2023-03-31,Industrials,True,True,True,True,True,True,True,True,True,True,True,True,True,False,True
9115.T,2023-03-31,Industrials,True,False,False,False,True,False,True,False,True,True,True,True,True,False,True
9119.T,2023-03-31,Industrials,True,True,True,True,True,False,True,True,True,True,True,True,True,False,True
9127.T,2023-03-31,Industrials,False,False,True,True,True,False,True,True,True,False,False,True,False,False,True
9130.T,2023-03-31,Industrials,False,False,False,False,True,True,True,False,True,False,False,True,True,False,False
9142.T,2023-03-31,Industrials,True,False,False,False,True,False,False,True,False,True,False,True,False,False,True
9143.T,2023-03-31,Industrials,False,True,True,True,True,False,True,True,False,True,True,True,True,False,True
9145.T,2022-12-31,Industrials,False,True,True,True,True,False,True,True,False,False,False,True,True,True,True
9171.T,2023-03-31,Industrials,True,False,False,False,True,False,True,True,True,True,True,True,True,False,False
9173.T,2022-12-31,Industrials,False,False,False,False,True,True,False,False,True,True,True,True,False,False,True
9193.T,2023-03-31,Industrials,False,False,False,False,True,False,True,True,True,True,False,True,False,False,True
9201.T,2023-03-31,Industrials,False,False,False,False,True,True,False,True,False,True,True,True,False,False,True
9202.T,2023-03-31,Industrials,False,False,True,False,True,True,False,False,False,True,True,True,False,False,True
9206.T,2023-03-31,Industrials,False,False,False,False,True,False,False,False,False,True,False,True,False,False,True
9211.T,2022-12-31,Communication Services,True,True,True,True,True,False,False,False,False,False,True,True,False,True,False
9213.T,2022-12-31,Industrials,False,False,True,True,True,False,True,True,False,False,False,True,True,False,True
9214.T,2022-12-31,Healthcare,False,True,True,True,True,False,False,True,False,False,True,True,True,True,True
9216.T,2023-05-31,Industrials,False,False,True,True,True,False,False,True,False,False,True,True,True,True,False
9218.T,2022-12-31,Healthcare,True,True,True,True,True,True,False,True,False,False,True,True,False,True,False
9219.T,2023-06-30,Technology,True,True,True,True,True,True,False,True,False,True,True,True,True,True,False
9220.T,2023-03-31,Healthcare,False,False,True,False,True,False,True,True,False,False,True,True,True,False,False
9221.T,2023-03-31,Industrials,False,True,True,True,True,True,True,True,True,False,True,True,True,False,True
9227.T,2023-03-31,Basic Materials,False,False,False,False,True,True,False,True,False,True,True,True,False,False,False
9229.T,2023-03-31,Healthcare,True,True,True,False,True,False,False,False,False,False,True,True,True,True,False
9232.T,2023-03-31,Industrials,True,False,True,True,True,False,True,True,True,True,False,True,True,True,True
9240.T,2023-07-31,Technology,False,False,False,False,False,False,False,True,False,False,False,False,True,True,False
9241.T,2023-08-31,Communication Services,False,False,False,False,True,False,False,True,False,False,False,True,False,False,False
9242.T,2023-07-31,Industrials,False,False,True,True,True,True,False,True,False,False,True,True,True,False,False
9245.T,2022-12-31,Communication Services,False,False,False,False,True,False,False,True,False,False,False,True,True,True,True
9246.T,2022-12-31,Industrials,True,True,True,True,True,True,False,True,False,True,False,True,True,True,False
9253.T,2023-02-28,Industrials,False,False,True,True,False,False,False,True,False,False,False,True,True,False,False
9254.T,2023-03-31,Communication Services,False,False,False,False,False,False,False,True,False,False,False,False,False,False,False
9256.T,2023-03-31,Consumer Defensive,False,False,True,True,True,False,True,True,False,False,True,True,True,True,True
9257.T,2022-12-31,Financial Services,True,False,True,True,True,True,False,True,False,True,False,True,False,True,False
9260.T,2022-12-31,Consumer Defensive,True,False,False,False,False,False,True,True,True,True,True,True,True,False,True
9262.T,2023-07-31,Consumer Defensive,True,False,True,True,True,False,False,True,False,True,True,True,True,True,False
9263.T,2023-04-30,Consumer Cyclical,False,False,False,False,True,False,True,False,False,True,True,True,False,False,True
9264.T,2023-08-31,Industrials,False,False,False,False,True,False,False,True,False,True,True,True,False,False,True
9265.T,2023-05-31,Healthcare,False,False,False,False,True,False,False,True,True,False,True,True,True,False,False
9267.T,2023-06-30,Healthcare,False,False,True,False,True,False,False,True,False,False,False,True,True,True,True
9268.T,2023-03-31,Consumer Cyclical,False,False,True,False,False,False,True,True,True,False,True,False,True,False,True
9270.T,2023-08-31,Consumer Cyclical,False,True,True,False,True,False,False,True,False,False,True,True,True,True,False
9271.T,2022-12-31,Consumer Cyclical,False,False,True,False,False,False,True,False,True,False,False,False,False,False,False
9272.T,2023-03-31,Consumer Cyclical,True,True,True,True,True,True,False,True,False,True,True,True,True,False,True
9273.T,2023-06-30,Healthcare,False,True,True,True,True,True,True,True,False,True,True,True,True,True,True
9274.T,2023-03-31,Basic Materials,True,True,True,False,True,False,True,False,True,True,True,True,True,True,False
9275.T,2023-02-28,Consumer Cyclical,False,False,True,True,True,False,True,True,False,False,True,True,True,False,True
9278.T,2023-05-31,Consumer Cyclical,True,False,True,True,True,False,True,True,False,True,False,True,False,False,True
9301.T,2023-03-31,Industrials,True,False,False,False,True,True,True,True,True,True,True,True,True,False,True
9302.T,2023-03-31,Industrials,False,True,True,True,True,False,True,True,True,False,True,True,True,False,True
9303.T,2023-03-31,Industrials,False,False,False,True,True,False,True,True,True,True,True,True,True,False,True
9304.T,2023-03-31,Industrials,False,False,False,False,True,False,True,True,True,False,True,True,True,False,True
9305.T,2023-03-31,Industrials,False,False,False,False,True,False,True,True,True,True,True,True,True,False,True
9306.T,2023-03-31,Industrials,False,False,False,False,True,False,True,True,False,False,True,True,True,False,False
9307.T,2023-03-31,Industrials,False,False,False,False,True,True,False,True,True,False,True,True,True,False,False
9308.T,2023-03-31,Industrials,False,False,True,True,True,True,True,True,False,False,True,True,False,False,False
9310.T,2023-03-31,Industrials,False,True,False,False,True,False,True,True,True,True,True,True,True,False,False
9311.T,2023-03-31,Industrials,False,False,False,False,True,False,True,True,True,False,False,True,True,False,True
9312.T,2023-03-31,Industrials,False,True,True,True,True,False,True,True,True,True,True,True,True,True,True
9319.T,2023-03-31,Industrials,False,True,False,False,True,False,True,True,True,True,True,True,True,False,True
9322.T,2023-03-31,Industrials,True,False,False,False,True,False,True,True,True,True,True,True,True,False,True
9324.T,2023-03-31,Industrials,False,False,False,False,True,False,True,True,True,False,False,True,True,True,True
9325.T,2023-03-31,Industrials,True,False,True,True,True,False,False,True,False,True,True,True,True,True,False
9326.T,2023-02-28,Industrials,False,True,True,True,True,False,True,True,False,True,True,False,True,True,True
9327.T,2023-03-31,Industrials,True,False,False,False,True,False,True,False,False,False,True,True,False,True,False
9351.T,2023-03-31,Industrials,False,False,False,False,True,True,True,True,True,True,False,True,True,False,False
9353.T,2023-03-31,Industrials,False,False,False,False,True,False,False,True,True,True,False,True,True,False,True
9355.T,2023-03-31,Industrials,True,False,False,False,True,False,True,True,True,True,True,True,False,False,False
9360.T,2023-03-31,Technology,True,True,True,False,True,False,True,True,False,True,True,True,True,False,True
9361.T,2023-06-30,Industrials,True,False,False,False,True,False,True,True,True,True,True,True,True,False,False
9362.T,2023-03-31,Industrials,False,True,True,False,True,False,True,True,True,True,False,True,True,False,True
9363.T,2023-03-31,Industrials,False,False,False,False,True,False,True,True,True,False,True,True,False,True,False
9364.T,2023-03-31,Industrials,False,False,False,True,True,True,True,True,True,True,True,True,True,False,True
9365.T,2023-03-31,Industrials,True,True,True,False,True,False,True,True,True,True,True,True,True,True,False
9366.T,2023-03-31,Industrials,False,False,False,False,True,False,True,True,True,True,False,True,True,False,False
9367.T,2023-03-31,Industrials,False,False,False,True,True,False,True,True,True,False,True,True,True,False,True
9368.T,2023-03-31,Industrials,False,False,False,False,True,False,True,True,True,True,True,True,True,False,True
9377.T,2023-03-31,Industrials,True,False,False,False,True,False,False,True,False,True,False,True,False,False,True
9380.T,2023-03-31,Industrials,False,False,False,False,True,False,False,True,True,False,True,True,True,False,False
9381.T,2023-02-28,Industrials,True,True,True,True,True,False,True,True,False,True,True,True,True,True,True
9384.T,2022-12-31,Industrials,True,False,True,True,True,True,True,True,False,True,True,True,True,False,True
9385.T,2023-03-31,Communication Services,False,False,False,False,True,False,True,False,False,False,True,True,False,False,True
9386.T,2022-12-31,Energy,True,False,True,True,True,True,True,True,False,True,True,True,True,False,True
9399.T,2022-12-31,Technology,False,False,False,False,False,False,True,False,False,False,True,False,False,False,False
9401.T,2023-03-31,Communication Services,False,False,False,False,True,False,True,True,True,True,False,True,True,False,True
9404.T,2023-03-31,Communication Services,False,False,False,False,True,False,True,True,True,False,True,True,True,False,True
9405.T,2023-03-31,Communication Services,False,False,False,False,True,False,False,True,True,False,False,True,False,False,True
9408.T,2023-03-31,Communication Services,False,False,False,False,True,False,True,True,True,True,True,True,True,False,False
9409.T,2023-03-31,Communication Services,False,False,False,False,True,False,True,True,True,False,False,True,True,False,True
9412.T,2023-03-31,Communication Services,False,True,False,False,True,True,True,True,True,True,True,True,True,False,True
9413.T,2023-03-31,Communication Services,False,False,False,False,True,False,True,True,True,True,False,True,True,False,True
9414.T,2023-08-31,Communication Services,False,False,False,True,True,False,False,True,True,False,False,True,True,True,False
9416.T,2022-12-31,Communication Services,True,False,True,True,True,False,False,True,False,True,True,True,False,False,True
9417.T,2023-06-30,Technology,False,False,False,False,False,False,True,True,False,False,False,True,False,False,False
9418.T,2023-08-31,Communication Services,True,True,True,True,True,False,False,True,False,False,True,True,True,True,True
9419.T,2022-12-31,Communication Services,False,False,False,False,True,False,False,True,False,True,True,True,False,False,True
9421.T,2023-06-30,Communication Services,False,False,False,False,True,False,True,True,False,True,True,True,False,False,False
9423.T,2023-03-31,Real Estate,True,False,True,True,True,False,False,True,False,True,True,True,True,True,True
9424.T,2023-03-31,Communication Services,True,True,True,True,True,True,False,True,False,True,True,True,False,False,False
9428.T,2023-03-31,Communication Services,False,False,False,False,True,False,True,True,True,False,False,True,True,False,False
9432.T,2023-03-31,Communication Services,False,True,True,False,True,False,True,True,True,False,False,True,True,True,False
9433.T,2023-03-31,Communication Services,False,True,True,True,True,False,True,True,False,False,False,True,True,True,False
9434.T,2023-03-31,Communication Services,False,True,True,False,True,False,True,False,False,False,True,True,True,True,True
9435.T,2023-03-31,Industrials,False,True,True,True,True,False,True,True,False,False,True,True,True,True,True
9436.T,2023-03-31,Communication Services,False,True,True,True,True,False,True,True,False,True,True,True,True,False,True
9439.T,2023-06-30,Consumer Cyclical,True,True,False,False,True,False,False,False,False,True,True,True,False,True,False
9441.T,2022-12-31,Consumer Cyclical,False,False,False,True,True,False,True,True,False,False,False,False,True,False,False
9444.T,2023-04-30,Consumer Cyclical,False,False,True,False,True,False,True,False,False,True,True,True,False,False,True
9445.T,2023-03-31,Communication Services,False,False,True,False,True,False,True,False,False,False,False,True,False,True,True
9449.T,2022-12-31,Communication Services,False,False,False,False,True,False,False,False,False,False,True,True,True,True,True
9450.T,2023-06-30,Communication Services,True,True,True,True,True,True,False,True,False,False,True,True,True,True,False
9466.T,2023-03-31,Communication Services,False,False,False,False,True,False,True,True,False,False,True,True,False,False,False
9467.T,2023-03-31,Communication Services,False,True,True,True,True,True,False,True,False,False,True,True,True,True,False
9468.T,2023-03-31,Communication Services,False,False,False,False,True,False,False,True,False,False,True,True,True,True,True
9474.T,2023-03-31,Communication Services,False,False,False,False,True,False,False,True,False,False,False,True,True,False,False
9475.T,2023-03-31,Communication Services,False,False,False,False,True,False,False,True,True,True,True,True,False,False,True
9478.T,2023-03-31,Communication Services,False,True,True,True,False,False,True,True,True,False,False,False,True,True,True
9479.T,2023-03-31,Communication Services,False,False,False,False,False,False,False,True,True,False,False,True,True,True,False
9501.T,2023-03-31,Utilities,False,False,False,False,False,False,True,False,True,False,False,True,False,False,True
9502.T,2023-03-31,Utilities,False,False,False,False,True,False,False,True,True,True,True,True,False,False,True
9503.T,2023-03-31,Utilities,False,False,False,False,True,False,False,False,True,False,False,True,True,False,True
9504.T,2023-03-31,Utilities,True,False,False,False,False,False,True,False,True,False,True,True,False,False,True
9505.T,2023-03-31,Utilities,True,False,False,False,False,False,True,False,True,False,True,False,False,False,True
9506.T,2023-03-31,Utilities,True,False,False,False,False,False,True,False,True,False,True,True,False,False,True
9507.T,2023-03-31,Utilities,True,False,False,False,True,False,True,False,True,False,True,True,False,False,True
9508.T,2023-03-31,Utilities,False,False,False,False,True,False,True,False,True,False,True,True,False,False,True
9509.T,2023-03-31,Utilities,False,False,False,False,False,False,True,False,True,False,True,True,False,False,True
9511.T,2023-03-31,Utilities,False,False,False,False,False,False,True,False,True,False,False,True,False,False,True
9513.T,2023-03-31,Utilities,True,False,False,False,True,False,True,True,True,True,True,True,True,False,True
9514.T,2023-06-30,Utilities,False,False,False,False,True,True,True,True,True,False,False,True,True,True,False
9517.T,2023-03-31,Utilities,False,False,True,True,True,False,True,True,False,False,True,True,True,True,False
9519.T,2023-03-31,Utilities,True,False,False,False,True,False,False,False,False,True,True,True,True,True,False
9522.T,2022-12-31,Utilities,False,False,False,False,True,False,True,False,True,False,False,True,False,False,True
9531.T,2023-03-31,Utilities,True,True,True,True,True,False,True,True,True,True,True,True,True,False,True
9532.T,2023-03-31,Utilities,False,False,False,False,True,False,False,True,True,False,False,True,True,False,True
9533.T,2023-03-31,Utilities,True,False,False,False,True,False,True,True,True,True,True,True,True,False,True
9534.T,2023-03-31,Utilities,True,True,True,True,True,False,True,True,True,True,False,True,True,False,True
9535.T,2023-03-31,Energy,True,False,False,False,True,False,True,True,True,True,True,True,True,False,True
9536.T,2023-03-31,Utilities,True,False,True,False,True,False,True,False,True,True,True,True,True,False,True
9537.T,2023-03-31,Utilities,False,False,False,False,True,False,False,True,True,False,True,True,True,False,True
9539.T,2022-12-31,Utilities,False,False,False,False,True,False,False,True,True,False,True,True,True,False,True
9543.T,2022-12-31,Utilities,True,False,False,False,True,False,True,True,True,True,True,True,True,False,True
9551.T,2023-03-31,Industrials,False,False,False,False,False,False,True,True,False,False,False,True,True,True,True
9556.T,2023-07-31,Industrials,True,True,True,True,True,False,False,True,False,True,True,True,True,True,False
9557.T,2023-06-30,Consumer Cyclical,False,False,False,False,True,False,True,False,False,True,True,True,False,True,False
9560.T,2023-08-31,Consumer Defensive,True,False,True,True,True,True,False,True,False,False,True,True,False,False,False
9600.T,2023-03-31,,False,False,False,False,True,False,False,True,False,False,False,True,True,False,True
9601.T,2023-02-28,Communication Services,False,False,False,False,True,False,False,True,False,True,False,False,False,False,False
9602.T,2023-02-28,Communication Services,False,False,False,True,True,True,False,True,False,True,True,True,True,False,True
9605.T,2023-03-31,Communication Services,True,False,False,False,True,True,False,True,True,True,True,True,True,False,False
9610.T,2023-03-31,Industrials,False,True,False,False,False,False,True,True,True,True,False,False,False,False,True
9612.T,2022-12-31,Industrials,False,False,False,False,False,False,True,True,False,False,True,True,False,False,True
9613.T,2023-03-31,Technology,True,True,False,False,True,False,False,True,False,False,True,True,True,True,False
9616.T,2023-03-31,Consumer Cyclical,True,False,False,False,True,False,False,False,False,True,True,True,False,False,True
9619.T,2023-03-31,Industrials,False,False,True,False,True,False,True,False,True,False,False,True,True,True,True
9621.T,2022-12-31,Industrials,True,True,True,True,True,False,True,True,False,True,True,True,True,True,True
9622.T,2022-12-31,Industrials,False,False,False,False,False,False,False,True,True,False,False,True,True,False,True
9625.T,2023-03-31,Communication Services,False,False,True,True,True,False,True,True,True,False,True,True,False,False,False
9627.T,2023-04-30,Healthcare,True,False,False,False,True,False,False,True,False,True,False,True,True,True,False
9628.T,2023-03-31,Consumer Cyclical,True,False,False,True,True,True,True,True,True,True,True,True,True,False,False
9629.T,2023-03-31,Technology,False,False,False,False,True,True,False,True,False,False,True,True,True,False,True
9632.T,2023-01-31,Industrials,False,False,True,True,True,False,True,True,True,True,True,True,True,False,True
9633.T,2023-03-31,Industrials,False,False,False,False,False,False,False,True,True,False,False,True,False,False,False
9635.T,2023-03-31,Real Estate,False,False,False,False,True,False,False,True,True,False,False,True,False,False,True
9636.T,2023-01-31,Communication Services,False,False,False,False,True,True,False,True,False,True,False,True,True,False,True
9637.T,2023-01-31,Industrials,False,False,False,False,True,True,False,True,True,False,True,True,False,False,True
9639.T,2023-03-31,Real Estate,False,False,True,True,True,False,True,True,False,False,False,True,True,False,True
9640.T,2023-03-31,Technology,False,False,False,True,True,False,False,True,False,False,True,True,True,False,True
9644.T,2023-03-31,Industrials,False,False,False,True,True,False,False,True,False,True,False,True,True,False,True
9651.T,2023-05-31,Technology,True,False,False,True,True,False,True,True,True,True,True,False,True,False,True
9656.T,2022-12-31,Consumer Cyclical,False,False,False,False,True,True,True,True,True,True,True,True,False,False,True
9658.T,2023-03-31,Technology,False,True,True,True,True,False,True,True,False,False,True,True,True,True,True
9661.T,2023-02-28,Real Estate,False,False,False,False,True,False,True,True,False,True,True,True,False,False,True
9663.T,2023-03-31,Industrials,False,False,False,True,True,False,False,True,False,False,False,True,True,True,True
9672.T,2022-12-31,Consumer Cyclical,False,False,True,True,True,True,True,True,False,False,False,True,True,True,True
9675.T,2023-03-31,Consumer Cyclical,False,False,False,False,True,True,False,False,False,True,True,True,False,False,False
9682.T,2023-03-31,Technology,False,True,True,True,True,False,False,True,False,True,False,True,True,False,False
9684.T,2023-03-31,Communication Services,False,False,True,True,True,False,False,True,False,False,True,False,True,False,False
9685.T,2023-03-31,Technology,False,False,True,True,True,False,True,True,True,False,True,True,True,True,True
9686.T,2023-03-31,Industrials,True,False,False,False,True,False,True,True,True,True,True,True,True,True,False
9687.T,2023-03-31,Technology,False,False,True,True,True,False,True,True,False,False,False,True,True,True,True
9691.T,2023-03-31,Technology,False,False,True,True,True,False,True,True,True,True,True,True,True,False,True
9692.T,2023-01-31,Technology,True,False,True,True,True,False,True,True,False,True,True,True,True,False,True
9696.T,2023-03-31,Consumer Defensive,False,False,False,False,True,True,True,True,False,False,True,True,True,False,True
9697.T,2023-03-31,Communication Services,False,True,True,True,True,True,False,True,False,True,False,True,True,True,True
9698.T,2023-03-31,Technology,False,False,False,False,True,False,True,True,False,False,False,True,True,False,True
9701.T,2023-03-31,Consumer Cyclical,False,False,False,False,True,False,False,False,False,False,True,True,False,False,True
9702.T,2022-12-31,Technology,False,True,True,True,True,False,True,True,False,True,True,True,True,True,True
9704.T,2022-12-31,Consumer Cyclical,False,False,False,False,True,False,True,True,False,True,True,True,False,False,True
9706.T,2023-03-31,Industrials,False,False,False,False,True,False,True,True,False,True,False,True,False,False,True
9708.T,2023-03-31,Consumer Cyclical,False,False,False,False,True,False,False,True,False,True,True,True,False,False,True
9709.T,2023-03-31,Technology,False,False,True,True,True,False,True,True,False,True,False,True,True,False,False
9713.T,2023-03-31,Consumer Cyclical,False,False,True,True,True,False,True,True,False,True,True,False,False,False,False
9715.T,2023-03-31,Technology,False,False,True,True,True,False,True,True,False,False,False,True,True,True,False
9716.T,2023-02-28,Industrials,False,False,False,False,False,False,False,True,False,False,False,False,True,False,True
9719.T,2023-03-31,Technology,False,True,True,True,True,False,False,True,False,True,True,True,True,True,True
9722.T,2022-12-31,Consumer Cyclical,False,False,False,False,True,False,True,False,False,False,False,True,False,False,True
9723.T,2023-03-31,Consumer Cyclical,False,False,False,False,True,True,False,False,False,True,True,True,False,False,True
9726.T,2023-03-31,Consumer Cyclical,False,False,True,True,True,False,True,False,False,True,True,True,False,False,True
9729.T,2023-03-31,Industrials,False,True,False,True,True,False,True,True,True,False,True,True,True,False,False
9731.T,2022-12-31,Consumer Cyclical,False,False,True,True,True,False,True,False,False,True,True,True,False,False,True
9733.T,2023-03-31,Consumer Defensive,False,False,True,True,True,False,True,True,False,True,False,True,True,True,True
9735.T,2023-03-31,Industrials,False,False,False,False,True,False,False,True,False,False,False,True,True,False,True
9739.T,2023-03-31,Technology,False,True,True,True,True,False,True,True,False,True,True,True,True,True,True
9740.T,2023-02-28,Industrials,False,False,False,False,True,False,True,True,False,False,True,True,True,False,True
9742.T,2023-03-31,Technology,True,False,False,True,True,False,True,True,True,True,False,True,True,False,True
9743.T,2023-01-31,Industrials,False,False,False,False,True,False,False,True,False,False,False,True,True,False,True
9744.T,2023-03-31,Industrials,True,False,True,True,True,True,True,True,False,True,True,True,True,False,True
9749.T,2022-12-31,Technology,False,True,False,False,True,False,False,True,True,True,False,True,True,True,True
9753.T,2023-03-31,Technology,False,True,True,True,True,False,True,True,False,True,True,True,True,False,False
9755.T,2022-12-31,Industrials,False,False,False,False,False,False,False,True,True,False,False,False,True,False,True
9757.T,2022-12-31,Industrials,False,False,True,True,True,True,False,True,False,True,True,True,True,False,False
9759.T,2023-03-31,Technology,True,True,True,True,True,True,False,True,False,True,True,True,True,True,True
9760.T,2023-03-31,Industrials,False,False,False,False,False,False,True,True,True,True,True,False,False,False,False
9761.T,2023-03-31,Real Estate,False,False,False,False,True,False,False,True,True,False,True,True,True,False,False
9763.T,2023-03-31,Industrials,False,True,False,False,True,False,True,True,True,True,False,True,True,False,True
9765.T,2023-05-31,Industrials,False,False,False,True,True,True,True,True,False,False,True,True,True,False,True
9766.T,2023-03-31,Communication Services,False,False,False,True,True,False,False,True,False,False,False,True,True,True,True
9767.T,2023-03-31,Industrials,False,False,False,False,True,False,True,True,True,False,True,True,True,False,True
9768.T,2022-12-31,Industrials,False,False,False,True,True,False,True,True,True,False,True,True,True,True,True
9769.T,2023-03-31,Consumer Defensive,False,True,True,True,True,True,True,True,False,True,False,True,True,True,False
9776.T,2023-03-31,Healthcare,False,False,False,False,True,False,True,True,True,False,True,True,True,False,False
9778.T,2023-02-28,Consumer Defensive,True,False,False,False,True,False,True,True,False,True,False,True,False,False,True
9780.T,2023-03-31,Industrials,False,False,False,True,True,False,True,True,True,False,True,True,True,True,True
9782.T,2023-03-31,Communication Services,False,False,False,True,True,False,True,True,True,True,True,True,True,False,True
9783.T,2023-03-31,Consumer Defensive,True,False,False,False,True,False,False,False,False,True,False,True,True,False,False
9787.T,2023-02-28,Industrials,False,False,True,True,True,False,True,True,False,False,False,True,True,False,False
9788.T,2023-03-31,Industrials,False,False,False,True,True,False,True,True,False,True,False,True,True,False,True
9790.T,2023-03-31,Technology,False,False,True,True,True,True,True,True,False,False,True,True,True,False,False
9791.T,2023-03-31,Industrials,False,True,False,False,True,False,True,True,True,True,True,True,True,False,True
9793.T,2023-02-28,Industrials,False,False,True,True,True,False,False,True,False,True,False,True,True,False,True
9799.T,2023-03-31,Technology,False,True,False,True,True,False,True,True,True,False,True,True,True,True,True
9812.T,2023-05-31,Basic Materials,True,False,False,False,True,False,True,False,False,False,True,True,False,False,True
9816.T,2023-03-31,Real Estate,False,False,False,False,True,False,False,True,True,False,True,True,True,False,True
9818.T,2023-03-31,Utilities,False,False,False,False,True,False,True,True,True,False,True,True,True,True,False
9820.T,2023-03-31,Industrials,False,False,False,True,True,False,True,True,True,True,False,True,True,False,True
9827.T,2022-12-31,Consumer Cyclical,True,False,True,False,False,False,True,True,True,True,False,False,True,False,True
9828.T,2023-03-31,Consumer Cyclical,False,False,False,False,True,False,False,True,False,False,True,True,False,False,True
9830.T,2022-12-31,Industrials,False,False,False,False,True,False,True,True,True,False,False,True,True,False,True
9831.T,2023-03-31,Consumer Cyclical,False,False,False,False,True,False,True,True,True,False,False,True,True,False,True
9832.T,2023-03-31,Consumer Cyclical,False,False,False,False,True,False,False,True,False,False,False,True,True,False,True
9835.T,2023-02-28,Consumer Cyclical,False,False,False,False,True,False,True,True,True,False,False,True,True,False,False
9842.T,2023-02-28,Consumer Cyclical,False,False,False,False,True,False,True,True,True,False,False,True,True,False,False
9845.T,2023-03-31,Industrials,True,False,False,False,True,False,True,True,True,True,True,True,True,False,True
9846.T,2023-02-28,Consumer Defensive,False,False,False,False,True,False,True,True,True,False,True,True,True,False,True
9849.T,2023-03-31,Industrials,False,False,False,False,True,False,False,True,True,False,True,True,True,False,True
9850.T,2023-03-31,Consumer Cyclical,False,False,False,False,True,False,True,False,False,False,True,True,False,False,True
9852.T,2023-03-31,Consumer Defensive,False,True,False,False,True,False,True,True,True,True,False,True,True,False,True
9853.T,2023-03-31,Consumer Cyclical,False,False,False,False,False,False,True,True,False,False,False,True,False,False,True
9854.T,2023-03-31,Consumer Cyclical,False,False,False,False,False,False,True,True,True,False,False,False,False,False,True
9856.T,2023-03-31,Consumer Cyclical,False,True,True,True,False,False,True,True,False,True,False,True,True,True,False
9857.T,2023-03-31,Industrials,False,False,False,False,True,False,True,True,True,True,False,True,True,False,True
9861.T,2023-02-28,Consumer Cyclical,False,False,True,True,True,False,False,True,False,False,False,True,False,False,True
9867.T,2023-03-31,Technology,True,False,False,False,False,False,True,True,True,True,False,False,True,False,True
9873.T,2023-03-31,Consumer Cyclical,False,False,False,True,True,False,False,True,False,False,False,True,True,True,True
9876.T,2023-02-28,Consumer Cyclical,False,False,False,False,True,False,False,True,True,True,True,True,False,False,True
9878.T,2023-03-31,Consumer Cyclical,False,False,False,False,False,False,True,False,False,False,False,False,False,False,False
9880.T,2023-03-31,Technology,False,False,False,False,True,False,True,True,True,False,False,True,True,True,True
9882.T,2023-03-31,Consumer Cyclical,False,True,False,True,True,False,True,True,True,True,False,True,True,False,False
9885.T,2023-03-31,Consumer Cyclical,False,False,False,False,False,False,True,True,True,False,False,True,False,False,False
9887.T,2023-03-31,Consumer Cyclical,False,False,False,False,True,False,False,True,False,True,True,True,False,False,False
9888.T,2023-03-31,Basic Materials,True,False,True,True,True,False,True,True,True,True,True,True,True,False,True
9889.T,2023-03-31,Technology,False,False,True,True,True,False,True,True,False,True,False,True,True,False,True
9890.T,2023-03-31,Consumer Defensive,False,False,False,False,True,False,True,True,True,False,True,True,True,False,True
9895.T,2023-03-31,Industrials,False,False,False,False,True,False,True,True,True,False,False,True,False,False,True
9896.T,2023-03-31,Industrials,False,False,True,False,True,False,True,False,True,False,True,True,True,False,False
9900.T,2023-03-31,Consumer Cyclical,False,False,False,False,True,False,False,True,False,False,False,True,False,False,True
9902.T,2023-03-31,Industrials,False,False,False,False,True,False,True,True,True,True,False,True,True,False,True
9903.T,2023-02-28,Consumer Cyclical,False,False,False,False,False,False,True,True,False,True,False,True,False,False,True
9904.T,2023-03-31,Consumer Cyclical,False,False,True,True,True,False,False,True,False,True,False,True,True,False,True
9906.T,2023-03-31,Industrials,False,True,False,False,True,False,True,True,True,True,True,True,True,False,True
9908.T,2023-03-31,Industrials,True,False,True,False,False,False,True,True,True,True,True,True,True,False,True
9913.T,2023-03-31,Technology,False,False,True,False,True,False,True,True,True,True,True,True,True,False,True
9914.T,2023-03-31,Industrials,False,False,False,False,False,False,False,True,True,False,False,False,False,False,True
9919.T,2023-03-31,Consumer Defensive,False,False,False,False,True,False,False,True,False,False,True,True,True,True,False
9927.T,2023-03-31,Consumer Cyclical,True,False,True,True,True,False,False,True,False,True,True,True,True,False,True
9928.T,2023-03-31,Technology,False,False,True,True,True,False,True,True,False,False,True,True,True,False,False
9929.T,2023-03-31,Basic Materials,True,False,False,False,True,False,True,True,True,True,False,True,False,False,True
9930.T,2023-03-31,Industrials,True,False,False,False,True,False,False,True,False,True,False,True,False,False,False
9932.T,2023-03-31,Industrials,False,False,False,True,True,False,True,True,True,True,False,True,True,False,True
9934.T,2023-03-31,Industrials,False,False,True,True,True,False,True,True,False,True,False,True,True,False,False
9936.T,2023-03-31,Consumer Cyclical,False,False,False,True,True,False,False,True,False,False,False,True,True,False,True
9946.T,2023-02-28,Consumer Cyclical,False,False,True,True,False,False,True,True,False,True,True,False,False,False,True
9948.T,2023-02-28,Consumer Cyclical,False,False,False,False,True,False,True,True,True,False,True,True,True,False,True
9950.T,2023-03-31,Consumer Cyclical,False,False,False,False,True,False,False,True,False,True,False,True,False,False,True
9955.T,2023-03-31,Consumer Defensive,False,True,False,False,True,False,True,True,True,True,True,True,True,False,False
9956.T,2023-03-31,Consumer Cyclical,False,False,False,False,True,False,True,True,True,False,False,True,True,True,True
9959.T,2023-03-31,Consumer Defensive,True,False,True,False,True,False,True,True,False,True,True,True,True,False,False
9960.T,2023-03-31,Technology,False,False,True,True,True,False,True,True,False,True,False,True,True,False,True
9962.T,2023-03-31,Industrials,False,False,True,True,True,False,False,True,False,False,True,True,True,False,False
9969.T,2023-03-31,Consumer Cyclical,False,True,True,False,True,False,True,True,False,True,False,False,True,True,True
9973.T,2022-12-31,Consumer Cyclical,True,False,False,False,False,False,True,False,False,False,False,False,False,True,False
9974.T,2023-02-28,Consumer Defensive,False,True,True,True,True,False,True,True,False,False,True,True,True,True,True
9976.T,2023-02-28,Consumer Cyclical,True,False,False,False,True,False,True,True,True,True,False,True,True,False,True
9977.T,2023-02-28,Consumer Defensive,False,False,False,False,True,False,True,True,True,False,False,True,False,False,True
9978.T,2023-08-31,Consumer Cyclical,False,False,False,False,True,False,False,False,False,True,False,True,True,False,False
9979.T,2023-08-31,Consumer Cyclical,False,True,False,False,True,False,False,False,False,False,False,True,False,False,True
9980.T,2023-03-31,Consumer Cyclical,False,True,False,False,False,False,False,True,True,True,False,True,False,False,False
9982.T,2023-02-28,Consumer Cyclical,False,False,False,False,False,False,True,True,True,True,False,False,False,False,True
9983.T,2023-08-31,Consumer Cyclical,False,True,True,True,True,True,False,True,False,False,False,True,True,True,False
9984.T,2023-03-31,Communication Services,False,False,False,False,True,False,True,False,True,True,True,True,False,False,True
9986.T,2023-03-31,Industrials,False,False,False,True,True,False,True,True,False,False,False,True,True,False,True
9987.T,2023-03-31,Healthcare,True,False,False,False,True,False,False,True,True,True,False,True,True,False,True
9989.T,2023-03-31,Healthcare,False,False,True,True,True,False,False,True,False,True,False,True,True,True,True
9990.T,2023-03-31,Consumer Cyclical,False,False,False,False,True,False,False,True,False,True,False,True,False,False,False
9991.T,2023-03-31,Industrials,False,False,False,False,True,False,True,True,True,True,False,True,True,False,True
9993.T,2023-02-28,Consumer Defensive,False,False,False,False,True,False,False,True,True,False,False,True,False,False,False
9994.T,2023-03-31,Consumer Defensive,False,False,False,False,True,False,False,True,False,False,False,True,False,False,True
9995.T,2023-03-31,Technology,False,False,False,False,True,False,True,True,True,True,True,True,False,False,True
9996.T,2023-03-31,Consumer Defensive,True,False,False,False,True,False,True,True,True,True,False,True,True,False,False
9997.T,2023-03-31,Consumer Cyclical,False,False,False,False,True,False,True,True,True,False,True,True,True,False,False
